<?xml version="1.0" encoding="UTF-8"?>
<!DOCTYPE html PUBLIC "-//W3C//DTD XHTML 1.0 Transitional//EN"
    "http://www.w3.org/TR/xhtml1/DTD/xhtml1-transitional.dtd">
<html xmlns="http://www.w3.org/1999/xhtml" xml:lang="en" lang="en">
 <head>
  <title>
</title>
<meta http-equiv="Content-Type" content="text/html;charset=utf-8" />
  <meta name='ocr-system' content='tesseract 3.04.00' />
  <meta name='ocr-capabilities' content='ocr_page ocr_carea ocr_par ocr_line ocrx_word'/>
</head>
<body>
  <div class='ocr_page' id='page_1' title='image "./disputatioacade00jasgoog_0040.png"; bbox 0 0 4642 6224; ppageno 0'>
   <div class='ocr_carea' id='block_1_1' title="bbox 1130 465 1185 548">
    <p class='ocr_par' dir='ltr' id='par_1_1' title="bbox 1130 465 1185 548">
     <span class='ocr_line' id='line_1_1' title="bbox 1130 465 1185 548; baseline 0 0"><span class='ocrx_word' id='word_1_1' title='bbox 1130 465 1185 548; x_wconf 78' lang='lat'><strong><em>25</em></strong></span> 
     </span>
    </p>
   </div>
   <div class='ocr_carea' id='block_1_2' title="bbox 355 751 1958 3952">
    <p class='ocr_par' dir='ltr' id='par_1_2' title="bbox 355 751 1958 2255">
     <span class='ocr_line' id='line_1_2' title="bbox 358 751 1958 870; baseline -0.007 -27"><span class='ocrx_word' id='word_1_2' title='bbox 358 770 461 870; x_wconf 86' lang='lat' dir='ltr'><strong><em>paulo</em></strong></span> <span class='ocrx_word' id='word_1_3' title='bbox 495 766 632 840; x_wconf 83' lang='lat' dir='ltr'><strong><em>inferius</em></strong></span> <span class='ocrx_word' id='word_1_4' title='bbox 661 761 720 862; x_wconf 91' lang='lat' dir='ltr'><strong><em>(t)</em></strong></span> <span class='ocrx_word' id='word_1_5' title='bbox 752 759 794 832; x_wconf 90' lang='lat' dir='ltr'><strong><em>de</em></strong></span> <span class='ocrx_word' id='word_1_6' title='bbox 829 758 872 829; x_wconf 90' lang='lat' dir='ltr'><strong><em>iis</em></strong></span> <span class='ocrx_word' id='word_1_7' title='bbox 908 753 1104 828; x_wconf 84' lang='lat' dir='ltr'><strong><em>scribendo:</em></strong></span> <span class='ocrx_word' id='word_1_8' title='bbox 1129 760 1165 825; x_wconf 84' lang='lat' dir='ltr'><strong><em>ut</em></strong></span> <span class='ocrx_word' id='word_1_9' title='bbox 1188 752 1336 856; x_wconf 82' lang='lat' dir='ltr'><strong><em>plurima</em></strong></span> <span class='ocrx_word' id='word_1_10' title='bbox 1359 751 1399 824; x_wconf 88' lang='lat' dir='ltr'><strong><em>de</em></strong></span> <span class='ocrx_word' id='word_1_11' title='bbox 1427 752 1663 849; x_wconf 67' lang='lat' dir='ltr'><strong><em>infidelitatibus</em></strong></span> <span class='ocrx_word' id='word_1_12' title='bbox 1687 781 1799 830; x_wconf 87' lang='lat' dir='ltr'><strong><em>eoram</em></strong></span> <span class='ocrx_word' id='word_1_13' title='bbox 1826 758 1958 832; x_wconf 78' lang='lat' dir='ltr'><strong><em>matta-</em></strong></span> 
     </span>
     <span class='ocr_line' id='line_1_3' title="bbox 358 908 1957 1021; baseline -0.006 -25"><span class='ocrx_word' id='word_1_14' title='bbox 358 949 449 996; x_wconf 88' lang='lat' dir='ltr'><strong><em>mus:</em></strong></span> <span class='ocrx_word' id='word_1_15' title='bbox 482 921 517 993; x_wconf 85' lang='lat' dir='ltr'><strong><em>io</em></strong></span> <span class='ocrx_word' id='word_1_16' title='bbox 544 925 686 1021; x_wconf 70' lang='lat' dir='ltr'><strong><em>qoamor</em></strong></span> <span class='ocrx_word' id='word_1_17' title='bbox 707 912 882 1015; x_wconf 79' lang='lat' dir='ltr'><em>praecipue</em></span> <span class='ocrx_word' id='word_1_18' title='bbox 909 908 1098 983; x_wconf 70' lang='lat' dir='ltr'><strong><em>consistebat</em></strong></span> <span class='ocrx_word' id='word_1_19' title='bbox 1127 934 1223 982; x_wconf 89' lang='lat' dir='ltr'><strong><em>error</em></strong></span> <span class='ocrx_word' id='word_1_20' title='bbox 1250 934 1384 981; x_wconf 85' lang='lat' dir='ltr'><strong><em>eorum:</em></strong></span> <span class='ocrx_word' id='word_1_21' title='bbox 1414 908 1644 1014; x_wconf 86' lang='lat' dir='ltr'><strong><em>inportandis</em></strong></span> <span class='ocrx_word' id='word_1_22' title='bbox 1671 911 1787 984; x_wconf 84' lang='lat' dir='ltr'><strong><em>scilicet</em></strong></span> <span class='ocrx_word' id='word_1_23' title='bbox 1814 914 1957 987; x_wconf 81' lang='lat' dir='ltr'><strong><em>sandats’s</em></strong></span> 
     </span>
     <span class='ocr_line' id='line_1_4' title="bbox 356 1061 1956 1178; baseline -0.007 -27"><span class='ocrx_word' id='word_1_24' title='bbox 356 1103 446 1150; x_wconf 82' lang='lat' dir='ltr'><strong><em>neore</em></strong></span> <span class='ocrx_word' id='word_1_25' title='bbox 481 1073 739 1178; x_wconf 63' lang='lat' dir='ltr'><strong><em>Apostolorum</em></strong></span> <span class='ocrx_word' id='word_1_26' title='bbox 773 1067 863 1140; x_wconf 85' lang='lat' dir='ltr'><strong><em>etin</em></strong></span> <span class='ocrx_word' id='word_1_27' title='bbox 896 1092 933 1139; x_wconf 90' lang='lat' dir='ltr'><strong><em>eo</em></strong></span> <span class='ocrx_word' id='word_1_28' title='bbox 957 1065 1047 1166; x_wconf 76' lang='lat' dir='ltr'><strong><em>quod</em></strong></span> <span class='ocrx_word' id='word_1_29' title='bbox 1074 1061 1219 1138; x_wconf 65' lang='lat' dir='ltr'><strong><em>denna</em></strong></span> <span class='ocrx_word' id='word_1_30' title='bbox 1240 1063 1330 1136; x_wconf 88' lang='lat' dir='ltr'><strong><em>nulla</em></strong></span> <span class='ocrx_word' id='word_1_31' title='bbox 1357 1063 1482 1137; x_wconf 86' lang='lat' dir='ltr'><strong><em>ratione</em></strong></span> <span class='ocrx_word' id='word_1_32' title='bbox 1498 1064 1682 1165; x_wconf 81' lang='lat' dir='ltr'><strong><em>jurandam</em></strong></span> <span class='ocrx_word' id='word_1_33' title='bbox 1694 1118 1706 1156; x_wconf 89' lang='lat'><strong><em>,</em></strong></span> <span class='ocrx_word' id='word_1_34' title='bbox 1731 1067 1781 1138; x_wconf 90' lang='lat' dir='ltr'><strong><em>vel</em></strong></span> <span class='ocrx_word' id='word_1_35' title='bbox 1807 1068 1956 1140; x_wconf 86' lang='lat' dir='ltr'><strong><em>occiden-</em></strong></span> 
     </span>
     <span class='ocr_line' id='line_1_5' title="bbox 355 1219 1955 1326; baseline -0.006 -21"><span class='ocrx_word' id='word_1_36' title='bbox 355 1232 452 1305; x_wconf 87' lang='lat' dir='ltr'><strong><em>dum:</em></strong></span> <span class='ocrx_word' id='word_1_37' title='bbox 486 1230 521 1300; x_wconf 85' lang='lat' dir='ltr'><strong><em>io</em></strong></span> <span class='ocrx_word' id='word_1_38' title='bbox 546 1228 608 1301; x_wconf 84' lang='lat' dir='ltr'><strong><em>hoc</em></strong></span> <span class='ocrx_word' id='word_1_39' title='bbox 634 1225 765 1326; x_wconf 86' lang='lat' dir='ltr'><strong><em>insuper</em></strong></span> <span class='ocrx_word' id='word_1_40' title='bbox 789 1222 880 1324; x_wconf 76' lang='lat' dir='ltr'><strong><em>qaod</em></strong></span> <span class='ocrx_word' id='word_1_41' title='bbox 910 1219 1113 1310; x_wconf 82' lang='lat' dir='ltr'><strong><em>asserebant,</em></strong></span> <span class='ocrx_word' id='word_1_42' title='bbox 1144 1219 1311 1322; x_wconf 66' lang='lat' dir='ltr'><strong><em>quenlibet</em></strong></span> <span class='ocrx_word' id='word_1_43' title='bbox 1338 1245 1450 1293; x_wconf 86' lang='lat' dir='ltr'><strong><em>eoram</em></strong></span> <span class='ocrx_word' id='word_1_44' title='bbox 1483 1219 1517 1292; x_wconf 87' lang='lat' dir='ltr'><strong><em>in</em></strong></span> <span class='ocrx_word' id='word_1_45' title='bbox 1545 1220 1746 1311; x_wconf 71' lang='lat' dir='ltr'><strong><em>necessitate,</em></strong></span> <span class='ocrx_word' id='word_1_46' title='bbox 1781 1221 1955 1296; x_wconf 70' lang='lat' dir='ltr'><strong><em>ammodo</em></strong></span> 
     </span>
     <span class='ocr_line' id='line_1_6' title="bbox 356 1373 1955 1480; baseline -0.006 -22"><span class='ocrx_word' id='word_1_47' title='bbox 356 1385 484 1458; x_wconf 77' lang='lat' dir='ltr'><strong><em>habaet</em></strong></span> <span class='ocrx_word' id='word_1_48' title='bbox 519 1382 686 1472; x_wconf 75' lang='lat' dir='ltr'><strong><em>mndatia,</em></strong></span> <span class='ocrx_word' id='word_1_49' title='bbox 721 1379 847 1478; x_wconf 80' lang='lat' dir='ltr'><strong><em>absque</em></strong></span> <span class='ocrx_word' id='word_1_50' title='bbox 875 1373 1110 1450; x_wconf 64' lang='lat' dir='ltr'><strong><em>ordinasset</em></strong></span> <span class='ocrx_word' id='word_1_51' title='bbox 1142 1373 1313 1477; x_wconf 79' lang='lat' dir='ltr'><em>Episcopo</em></span> <span class='ocrx_word' id='word_1_52' title='bbox 1349 1376 1508 1476; x_wconf 74' lang='lat' dir='ltr'><strong><em>acceptes,</em></strong></span> <span class='ocrx_word' id='word_1_53' title='bbox 1533 1401 1628 1475; x_wconf 87' lang='lat' dir='ltr'><strong><em>posse</em></strong></span> <span class='ocrx_word' id='word_1_54' title='bbox 1655 1377 1810 1473; x_wconf 79' lang='lat' dir='ltr'><strong><em>conficere</em></strong></span> <span class='ocrx_word' id='word_1_55' title='bbox 1836 1402 1955 1480; x_wconf 83' lang='lat' dir='ltr'><strong><em>corpus</em></strong></span> 
     </span>
     <span class='ocr_line' id='line_1_7' title="bbox 358 1529 1957 1635; baseline -0.004 -21"><span class='ocrx_word' id='word_1_56' title='bbox 358 1538 492 1614; x_wconf 79' lang='lat' dir='ltr'><strong><em>Christi.</em></strong></span> <span class='ocrx_word' id='word_1_57' title='bbox 541 1541 666 1615; x_wconf 79' lang='lat' dir='ltr'><strong><em>Fateor</em></strong></span> <span class='ocrx_word' id='word_1_58' title='bbox 693 1533 832 1635; x_wconf 88' lang='lat' dir='ltr'><strong><em>quidem</em></strong></span> <span class='ocrx_word' id='word_1_59' title='bbox 861 1533 1060 1619; x_wconf 91' lang='lat' dir='ltr'><strong><em>hominum,</em></strong></span> <span class='ocrx_word' id='word_1_60' title='bbox 1086 1531 1145 1627; x_wconf 91' lang='lat' dir='ltr'><strong><em>qui</em></strong></span> <span class='ocrx_word' id='word_1_61' title='bbox 1172 1529 1358 1603; x_wconf 82' lang='lat' dir='ltr'><strong>Ecclesiam</strong></span> <span class='ocrx_word' id='word_1_62' title='bbox 1381 1535 1573 1605; x_wconf 86' lang='lat' dir='ltr'>Romanam</span> <span class='ocrx_word' id='word_1_63' title='bbox 1597 1531 1688 1608; x_wconf 87' lang='lat' dir='ltr'><strong><em>haud</em></strong></span> <span class='ocrx_word' id='word_1_64' title='bbox 1714 1558 1808 1606; x_wconf 87' lang='lat' dir='ltr'><strong><em>secus</em></strong></span> <span class='ocrx_word' id='word_1_65' title='bbox 1831 1560 1870 1606; x_wconf 90' lang='lat' dir='ltr'><strong><em>ac</em></strong></span> <span class='ocrx_word' id='word_1_66' title='bbox 1899 1560 1957 1607; x_wconf 87' lang='lat' dir='ltr'><strong><em>oe-</em></strong></span> 
     </span>
     <span class='ocr_line' id='line_1_8' title="bbox 356 1684 1955 1790; baseline -0.003 -25"><span class='ocrx_word' id='word_1_67' title='bbox 356 1694 419 1765; x_wconf 88' lang='lat' dir='ltr'><strong><em>teri</em></strong></span> <span class='ocrx_word' id='word_1_68' title='bbox 451 1691 624 1765; x_wconf 77' lang='lat' dir='ltr'><strong><em>Haeretici</em></strong></span> <span class='ocrx_word' id='word_1_69' title='bbox 650 1689 800 1790; x_wconf 79' lang='lat' dir='ltr'><strong><em>aggressi</em></strong></span> <span class='ocrx_word' id='word_1_70' title='bbox 837 1688 906 1761; x_wconf 89' lang='lat' dir='ltr'><strong><em>sint</em></strong></span> <span class='ocrx_word' id='word_1_71' title='bbox 918 1736 930 1775; x_wconf 91' lang='lat'><strong><em>,</em></strong></span> <span class='ocrx_word' id='word_1_72' title='bbox 963 1686 1147 1784; x_wconf 82' lang='lat' dir='ltr'><strong><em>imaginem</em></strong></span> <span class='ocrx_word' id='word_1_73' title='bbox 1180 1684 1246 1757; x_wconf 90' lang='lat' dir='ltr'><strong><em>hoc</em></strong></span> <span class='ocrx_word' id='word_1_74' title='bbox 1275 1685 1379 1758; x_wconf 88' lang='lat' dir='ltr'><strong><em>modo</em></strong></span> <span class='ocrx_word' id='word_1_75' title='bbox 1414 1686 1532 1763; x_wconf 88' lang='lat' dir='ltr'><strong><em>leviter</em></strong></span> <span class='ocrx_word' id='word_1_76' title='bbox 1568 1700 1700 1760; x_wconf 88' lang='lat' dir='ltr'><strong><em>tantum</em></strong></span> <span class='ocrx_word' id='word_1_77' title='bbox 1719 1687 1955 1761; x_wconf 78' lang='lat' dir='ltr'><strong><em>adumbratam</em></strong></span> 
     </span>
     <span class='ocr_line' id='line_1_9' title="bbox 355 1822 1954 1941; baseline -0.003 -21"><span class='ocrx_word' id='word_1_78' title='bbox 355 1873 446 1941; x_wconf 89' lang='lat' dir='ltr'><strong><em>esse;</em></strong></span> <span class='ocrx_word' id='word_1_79' title='bbox 484 1845 541 1920; x_wconf 87' lang='lat' dir='ltr'><strong><em>sed</em></strong></span> <span class='ocrx_word' id='word_1_80' title='bbox 576 1847 660 1925; x_wconf 88' lang='lat' dir='ltr'><strong><em>seire</em></strong></span> <span class='ocrx_word' id='word_1_81' title='bbox 693 1846 792 1918; x_wconf 92' lang='lat' dir='ltr'><strong><em>nobis</em></strong></span> <span class='ocrx_word' id='word_1_82' title='bbox 828 1844 908 1917; x_wconf 87' lang='lat' dir='ltr'><strong><em>satis</em></strong></span> <span class='ocrx_word' id='word_1_83' title='bbox 930 1853 982 1913; x_wconf 90' lang='lat' dir='ltr'><strong><em>est</em></strong></span> <span class='ocrx_word' id='word_1_84' title='bbox 990 1822 1013 1929; x_wconf 56' lang='lat'><strong><em>&#39;.</em></strong></span> <span class='ocrx_word' id='word_1_85' title='bbox 1027 1840 1111 1911; x_wconf 88' lang='lat' dir='ltr'><strong><em>nihil</em></strong></span> <span class='ocrx_word' id='word_1_86' title='bbox 1140 1840 1181 1910; x_wconf 88' lang='lat' dir='ltr'><strong><em>iis</em></strong></span> <span class='ocrx_word' id='word_1_87' title='bbox 1209 1842 1389 1940; x_wconf 89' lang='lat' dir='ltr'><strong><em>imputari,</em></strong></span> <span class='ocrx_word' id='word_1_88' title='bbox 1414 1840 1508 1940; x_wconf 89' lang='lat' dir='ltr'><strong><em>quod</em></strong></span> <span class='ocrx_word' id='word_1_89' title='bbox 1533 1841 1827 1916; x_wconf 80' lang='lat' dir='ltr'><strong><em>Illoniclnaeismnm</em></strong></span> <span class='ocrx_word' id='word_1_90' title='bbox 1852 1844 1954 1916; x_wconf 83' lang='lat' dir='ltr'><strong><em>redo-</em></strong></span> 
     </span>
     <span class='ocr_line' id='line_1_10' title="bbox 356 1993 1954 2097; baseline -0.002 -24"><span class='ocrx_word' id='word_1_91' title='bbox 356 2002 422 2074; x_wconf 89' lang='lat' dir='ltr'><strong><em>leat</em></strong></span> <span class='ocrx_word' id='word_1_92' title='bbox 451 2001 505 2077; x_wconf 84' lang='lat' dir='ltr'><strong><em>vel</em></strong></span> <span class='ocrx_word' id='word_1_93' title='bbox 540 2000 799 2073; x_wconf 86' lang='lat' dir='ltr'><strong><em>Gnosticismam.</em></strong></span> <span class='ocrx_word' id='word_1_94' title='bbox 848 2000 895 2070; x_wconf 88' lang='lat' dir='ltr'><strong><em>Et</em></strong></span> <span class='ocrx_word' id='word_1_95' title='bbox 924 1995 1084 2068; x_wconf 86' lang='lat' dir='ltr'><strong><em>hactenus</em></strong></span> <span class='ocrx_word' id='word_1_96' title='bbox 1110 1993 1196 2068; x_wconf 90' lang='lat' dir='ltr'><strong><em>illud</em></strong></span> <span class='ocrx_word' id='word_1_97' title='bbox 1223 1994 1334 2071; x_wconf 82' lang='lat' dir='ltr'><strong><em>valere</em></strong></span> <span class='ocrx_word' id='word_1_98' title='bbox 1359 1995 1610 2086; x_wconf 90' lang='lat' dir='ltr'><strong><em>testimonium,</em></strong></span> <span class='ocrx_word' id='word_1_99' title='bbox 1635 2021 1734 2068; x_wconf 89' lang='lat' dir='ltr'><strong><em>nemo</em></strong></span> <span class='ocrx_word' id='word_1_100' title='bbox 1761 2021 1832 2069; x_wconf 89' lang='lat' dir='ltr'><strong><em>esse</em></strong></span> <span class='ocrx_word' id='word_1_101' title='bbox 1854 2011 1954 2097; x_wconf 88' lang='lat' dir='ltr'><strong><em>pote-</em></strong></span> 
     </span>
     <span class='ocr_line' id='line_1_11' title="bbox 357 2154 708 2255; baseline 0.009 -31"><span class='ocrx_word' id='word_1_102' title='bbox 357 2155 422 2245; x_wconf 84' lang='lat' dir='ltr'><strong><em>rit,</em></strong></span> <span class='ocrx_word' id='word_1_103' title='bbox 446 2155 507 2255; x_wconf 88' lang='lat' dir='ltr'><strong><em>qui</em></strong></span> <span class='ocrx_word' id='word_1_104' title='bbox 530 2154 708 2227; x_wconf 87' lang='lat' dir='ltr'><strong><em>inficietur.</em></strong></span> 
     </span>
    </p>

    <p class='ocr_par' dir='ltr' id='par_1_3' title="bbox 355 2301 1956 3952">
     <span class='ocr_line' id='line_1_12' title="bbox 404 2301 1954 2404; baseline -0.002 -22"><span class='ocrx_word' id='word_1_105' title='bbox 404 2309 507 2401; x_wconf 88' lang='lat' dir='ltr'><strong><em>Quod</em></strong></span> <span class='ocrx_word' id='word_1_106' title='bbox 540 2332 689 2382; x_wconf 78' lang='lat' dir='ltr'><strong><em>narnus</em></strong></span> <span class='ocrx_word' id='word_1_107' title='bbox 721 2303 909 2380; x_wconf 75' lang='lat' dir='ltr'><strong><em>ullonactaes</em></strong></span> <span class='ocrx_word' id='word_1_108' title='bbox 941 2303 983 2375; x_wconf 91' lang='lat' dir='ltr'><strong><em>de</em></strong></span> <span class='ocrx_word' id='word_1_109' title='bbox 1014 2301 1244 2404; x_wconf 69' lang='lat' dir='ltr'><strong><em>Attagenatas</em></strong></span> <span class='ocrx_word' id='word_1_110' title='bbox 1275 2303 1435 2396; x_wconf 81' lang='lat' dir='ltr'><strong><em>tradidit,</em></strong></span> <span class='ocrx_word' id='word_1_111' title='bbox 1469 2305 1526 2378; x_wconf 90' lang='lat' dir='ltr'><strong><em>alii</em></strong></span> <span class='ocrx_word' id='word_1_112' title='bbox 1564 2306 1702 2380; x_wconf 87' lang='lat' dir='ltr'><strong><em>Veteres</em></strong></span> <span class='ocrx_word' id='word_1_113' title='bbox 1738 2308 1954 2380; x_wconf 87' lang='lat' dir='ltr'><strong><em>confirmant.</em></strong></span> 
     </span>
     <span class='ocr_line' id='line_1_13' title="bbox 356 2457 1956 2560; baseline 0.001 -24"><span class='ocrx_word' id='word_1_114' title='bbox 356 2466 610 2536; x_wconf 82' lang='lat' dir='ltr'><strong><em>Gmmameus</em></strong></span> <span class='ocrx_word' id='word_1_115' title='bbox 639 2461 730 2532; x_wconf 89' lang='lat' dir='ltr'><strong><em>enim</em></strong></span> <span class='ocrx_word' id='word_1_116' title='bbox 768 2459 809 2531; x_wconf 88' lang='lat' dir='ltr'><strong><em>cte</em></strong></span> <span class='ocrx_word' id='word_1_117' title='bbox 834 2458 949 2531; x_wconf 82' lang='lat' dir='ltr'><strong><em>Podio</em></strong></span> <span class='ocrx_word' id='word_1_118' title='bbox 978 2457 1154 2532; x_wconf 88' lang='lat' dir='ltr'><strong><em>Laurentii</em></strong></span> <span class='ocrx_word' id='word_1_119' title='bbox 1177 2457 1236 2558; x_wconf 83' lang='lat'><strong><em>(2)</em></strong></span> <span class='ocrx_word' id='word_1_120' title='bbox 1269 2461 1481 2560; x_wconf 89' lang='lat' dir='ltr'><strong><em>Episcopum</em></strong></span> <span class='ocrx_word' id='word_1_121' title='bbox 1509 2461 1693 2534; x_wconf 78' lang='lat' dir='ltr'><strong><em>Alliensem</em></strong></span> <span class='ocrx_word' id='word_1_122' title='bbox 1713 2488 1792 2535; x_wconf 91' lang='lat' dir='ltr'><strong><em>cum</em></strong></span> <span class='ocrx_word' id='word_1_123' title='bbox 1816 2482 1956 2538; x_wconf 69' lang='lat' dir='ltr'><strong><em>arcan-</em></strong></span> 
     </span>
     <span class='ocr_line' id='line_1_14' title="bbox 355 2610 1951 2716; baseline -0.001 -27"><span class='ocrx_word' id='word_1_124' title='bbox 355 2640 408 2689; x_wconf 87' lang='lat' dir='ltr'><strong><em>no</em></strong></span> <span class='ocrx_word' id='word_1_125' title='bbox 431 2614 599 2715; x_wconf 90' lang='lat' dir='ltr'><strong><em>quodam,</em></strong></span> <span class='ocrx_word' id='word_1_126' title='bbox 623 2611 877 2686; x_wconf 84' lang='lat' dir='ltr'><strong><em>Haeretieoram</em></strong></span> <span class='ocrx_word' id='word_1_127' title='bbox 901 2610 1009 2704; x_wconf 86' lang='lat' dir='ltr'><strong><em>duce,</em></strong></span> <span class='ocrx_word' id='word_1_128' title='bbox 1031 2613 1080 2685; x_wconf 87' lang='lat' dir='ltr'><strong><em>sic</em></strong></span> <span class='ocrx_word' id='word_1_129' title='bbox 1103 2612 1182 2684; x_wconf 84' lang='lat' dir='ltr'><strong><em>facit</em></strong></span> <span class='ocrx_word' id='word_1_130' title='bbox 1204 2611 1472 2710; x_wconf 83' lang='lat' dir='ltr'><strong><em>colloquentem:</em></strong></span> <span class='ocrx_word' id='word_1_131' title='bbox 1497 2614 1718 2715; x_wconf 82' lang='lat' dir='ltr'><strong><em>Interrogavit</em></strong></span> <span class='ocrx_word' id='word_1_132' title='bbox 1741 2615 1951 2716; x_wconf 75' lang='lat' dir='ltr'><strong><em>Episcopus,</em></strong></span> 
     </span>
     <span class='ocr_line' id='line_1_15' title="bbox 356 2765 1956 2872; baseline -0.001 -30"><span class='ocrx_word' id='word_1_133' title='bbox 356 2796 400 2842; x_wconf 90' lang='lat' dir='ltr'><strong><em>an</em></strong></span> <span class='ocrx_word' id='word_1_134' title='bbox 423 2768 587 2858; x_wconf 81' lang='lat' dir='ltr'><strong><em>crederet,</em></strong></span> <span class='ocrx_word' id='word_1_135' title='bbox 613 2789 743 2860; x_wconf 76' lang='lat' dir='ltr'><strong><em>Anna,</em></strong></span> <span class='ocrx_word' id='word_1_136' title='bbox 766 2792 860 2869; x_wconf 76' lang='lat' dir='ltr'><strong><em>qoem</em></strong></span> <span class='ocrx_word' id='word_1_137' title='bbox 884 2789 994 2842; x_wconf 79' lang='lat' dir='ltr'><strong><em>oauu</em></strong></span> <span class='ocrx_word' id='word_1_138' title='bbox 1010 2765 1124 2864; x_wconf 81' lang='lat' dir='ltr'><strong><em>frater</em></strong></span> <span class='ocrx_word' id='word_1_139' title='bbox 1149 2768 1217 2867; x_wconf 81' lang='lat' dir='ltr'><strong><em>ejas</em></strong></span> <span class='ocrx_word' id='word_1_140' title='bbox 1238 2766 1372 2857; x_wconf 80' lang='lat' dir='ltr'><strong><em>occidit,</em></strong></span> <span class='ocrx_word' id='word_1_141' title='bbox 1396 2770 1472 2841; x_wconf 79' lang='lat' dir='ltr'><strong><em>uota</em></strong></span> <span class='ocrx_word' id='word_1_142' title='bbox 1497 2775 1639 2872; x_wconf 85' lang='lat' dir='ltr'><strong><em>ereptum</em></strong></span> <span class='ocrx_word' id='word_1_143' title='bbox 1657 2766 1798 2857; x_wconf 59' lang='lat' dir='ltr'><strong><em>amaro,</em></strong></span> <span class='ocrx_word' id='word_1_144' title='bbox 1823 2788 1956 2842; x_wconf 76' lang='lat' dir='ltr'><strong><em>Anna-</em></strong></span> 
     </span>
     <span class='ocr_line' id='line_1_16' title="bbox 355 2922 1953 3025; baseline -0.001 -27"><span class='ocrx_word' id='word_1_145' title='bbox 355 2945 470 3015; x_wconf 78' lang='lat' dir='ltr'><strong><em>nnra,</em></strong></span> <span class='ocrx_word' id='word_1_146' title='bbox 495 2946 684 3012; x_wconf 73' lang='lat' dir='ltr'><strong><em>sconsam,</em></strong></span> <span class='ocrx_word' id='word_1_147' title='bbox 708 2942 842 2996; x_wconf 78' lang='lat' dir='ltr'><strong><em>naum</em></strong></span> <span class='ocrx_word' id='word_1_148' title='bbox 873 2930 904 2993; x_wconf 90' lang='lat' dir='ltr'><strong><em>et</em></strong></span> <span class='ocrx_word' id='word_1_149' title='bbox 927 2930 1068 3009; x_wconf 77' lang='lat' dir='ltr'><strong><em>meteros</em></strong></span> <span class='ocrx_word' id='word_1_150' title='bbox 1090 2923 1265 3025; x_wconf 79' lang='lat' dir='ltr'><strong><em>prophetas</em></strong></span> <span class='ocrx_word' id='word_1_151' title='bbox 1289 2930 1364 2995; x_wconf 88' lang='lat' dir='ltr'><strong><em>ante</em></strong></span> <span class='ocrx_word' id='word_1_152' title='bbox 1385 2923 1557 2998; x_wconf 61' lang='lat' dir='ltr'><strong><em>naevorum</em></strong></span> <span class='ocrx_word' id='word_1_153' title='bbox 1582 2923 1707 2997; x_wconf 72' lang='lat' dir='ltr'><strong><em>dommi</em></strong></span> <span class='ocrx_word' id='word_1_154' title='bbox 1728 2947 1794 2995; x_wconf 86' lang='lat' dir='ltr'><strong><em>esse</em></strong></span> <span class='ocrx_word' id='word_1_155' title='bbox 1817 2922 1953 2996; x_wconf 79' lang='lat' dir='ltr'><strong><em>satum?</em></strong></span> 
     </span>
     <span class='ocr_line' id='line_1_17' title="bbox 356 3076 1955 3181; baseline -0.002 -27"><span class='ocrx_word' id='word_1_156' title='bbox 356 3079 602 3153; x_wconf 79' lang='lat' dir='ltr'><strong><em>Haeresiorctna</em></strong></span> <span class='ocrx_word' id='word_1_157' title='bbox 637 3076 733 3151; x_wconf 73' lang='lat' dir='ltr'><strong><em>tane</em></strong></span> <span class='ocrx_word' id='word_1_158' title='bbox 766 3077 975 3181; x_wconf 82' lang='lat' dir='ltr'><strong><em>respondente</em></strong></span> <span class='ocrx_word' id='word_1_159' title='bbox 1006 3077 1129 3149; x_wconf 86' lang='lat' dir='ltr'><strong><em>nullum</em></strong></span> <span class='ocrx_word' id='word_1_160' title='bbox 1165 3102 1231 3150; x_wconf 89' lang='lat' dir='ltr'><strong><em>esse</em></strong></span> <span class='ocrx_word' id='word_1_161' title='bbox 1269 3077 1402 3152; x_wconf 84' lang='lat' dir='ltr'><strong><em>saluam.</em></strong></span> <span class='ocrx_word' id='word_1_162' title='bbox 1454 3079 1536 3151; x_wconf 90' lang='lat' dir='ltr'><strong><em>Jam</em></strong></span> <span class='ocrx_word' id='word_1_163' title='bbox 1561 3077 1647 3151; x_wconf 89' lang='lat' dir='ltr'><strong><em>hanc</em></strong></span> <span class='ocrx_word' id='word_1_164' title='bbox 1672 3077 1955 3176; x_wconf 86' lang='lat' dir='ltr'><strong><em>vituperationem</em></strong></span> 
     </span>
     <span class='ocr_line' id='line_1_18' title="bbox 355 3232 1956 3334; baseline -0.002 -26"><span class='ocrx_word' id='word_1_165' title='bbox 355 3234 560 3325; x_wconf 89' lang='lat' dir='ltr'><strong><em>hominum,</em></strong></span> <span class='ocrx_word' id='word_1_166' title='bbox 594 3259 743 3334; x_wconf 91' lang='lat' dir='ltr'><strong><em>quorum</em></strong></span> <span class='ocrx_word' id='word_1_167' title='bbox 777 3234 883 3333; x_wconf 89' lang='lat' dir='ltr'><strong><em>pietas</em></strong></span> <span class='ocrx_word' id='word_1_168' title='bbox 917 3235 954 3306; x_wconf 89' lang='lat' dir='ltr'><strong><em>in</em></strong></span> <span class='ocrx_word' id='word_1_169' title='bbox 983 3233 1098 3306; x_wconf 84' lang='lat' dir='ltr'><strong><em>Veteri</em></strong></span> <span class='ocrx_word' id='word_1_170' title='bbox 1121 3235 1341 3308; x_wconf 85' lang='lat' dir='ltr'><strong><em>Testamenta</em></strong></span> <span class='ocrx_word' id='word_1_171' title='bbox 1364 3232 1545 3326; x_wconf 88' lang='lat' dir='ltr'><strong><em>laudatur,</em></strong></span> <span class='ocrx_word' id='word_1_172' title='bbox 1568 3232 1842 3307; x_wconf 77' lang='lat' dir='ltr'><strong><em>Manichaeorum</em></strong></span> <span class='ocrx_word' id='word_1_173' title='bbox 1869 3260 1956 3332; x_wconf 87' lang='lat' dir='ltr'><strong><em>pro-</em></strong></span> 
     </span>
     <span class='ocr_line' id='line_1_19' title="bbox 357 3385 1956 3488; baseline 0.002 -29"><span class='ocrx_word' id='word_1_174' title='bbox 357 3389 469 3488; x_wconf 89' lang='lat' dir='ltr'><strong><em>priam</em></strong></span> <span class='ocrx_word' id='word_1_175' title='bbox 489 3388 591 3460; x_wconf 87' lang='lat' dir='ltr'><strong><em>fuisse</em></strong></span> <span class='ocrx_word' id='word_1_176' title='bbox 613 3385 748 3461; x_wconf 88' lang='lat' dir='ltr'><strong><em>aliunde</em></strong></span> <span class='ocrx_word' id='word_1_177' title='bbox 766 3389 927 3464; x_wconf 85' lang='lat' dir='ltr'><strong><em>norimus</em></strong></span> <span class='ocrx_word' id='word_1_178' title='bbox 947 3387 1020 3488; x_wconf 82' lang='lat'><strong><em>(3).</em></strong></span> <span class='ocrx_word' id='word_1_179' title='bbox 1062 3386 1237 3461; x_wconf 81' lang='lat' dir='ltr'><strong><em>Valdaeses</em></strong></span> <span class='ocrx_word' id='word_1_180' title='bbox 1257 3413 1339 3465; x_wconf 81' lang='lat' dir='ltr'><strong><em>vero</em></strong></span> <span class='ocrx_word' id='word_1_181' title='bbox 1360 3388 1424 3462; x_wconf 87' lang='lat' dir='ltr'><strong><em>hac</em></strong></span> <span class='ocrx_word' id='word_1_182' title='bbox 1443 3387 1542 3487; x_wconf 89' lang='lat' dir='ltr'><strong><em>culpa</em></strong></span> <span class='ocrx_word' id='word_1_183' title='bbox 1564 3388 1685 3462; x_wconf 87' lang='lat' dir='ltr'><strong><em>liberat</em></strong></span> <span class='ocrx_word' id='word_1_184' title='bbox 1707 3402 1848 3480; x_wconf 87' lang='lat' dir='ltr'><strong><em>auctor,</em></strong></span> <span class='ocrx_word' id='word_1_185' title='bbox 1866 3415 1956 3488; x_wconf 88' lang='lat' dir='ltr'><strong><em>pau·</em></strong></span> 
     </span>
     <span class='ocr_line' id='line_1_20' title="bbox 357 3541 1956 3647; baseline 0.002 -33"><span class='ocrx_word' id='word_1_186' title='bbox 357 3544 392 3616; x_wconf 94' lang='lat' dir='ltr'><strong><em>lo</em></strong></span> <span class='ocrx_word' id='word_1_187' title='bbox 426 3543 565 3616; x_wconf 83' lang='lat' dir='ltr'><strong><em>interius</em></strong></span> <span class='ocrx_word' id='word_1_188' title='bbox 600 3541 659 3641; x_wconf 78' lang='lat' dir='ltr'><strong><em>(ts)</em></strong></span> <span class='ocrx_word' id='word_1_189' title='bbox 695 3543 867 3616; x_wconf 86' lang='lat' dir='ltr'><strong><em>scribens:</em></strong></span> <span class='ocrx_word' id='word_1_190' title='bbox 906 3542 1111 3644; x_wconf 81' lang='lat' dir='ltr'><strong><em>Terramqne</em></strong></span> <span class='ocrx_word' id='word_1_191' title='bbox 1148 3543 1393 3644; x_wconf 80' lang='lat' dir='ltr'><strong><em>(Tolosanum)</em></strong></span> <span class='ocrx_word' id='word_1_192' title='bbox 1430 3552 1526 3616; x_wconf 87' lang='lat' dir='ltr'><strong><em>extra</em></strong></span> <span class='ocrx_word' id='word_1_193' title='bbox 1557 3544 1756 3647; x_wconf 84' lang='lat' dir='ltr'><strong><em>repleverant</em></strong></span> <span class='ocrx_word' id='word_1_194' title='bbox 1788 3543 1956 3634; x_wconf 83' lang='lat' dir='ltr'><strong><em>Arriani,</em></strong></span> 
     </span>
     <span class='ocr_line' id='line_1_21' title="bbox 357 3694 1954 3798; baseline -0.002 -26"><span class='ocrx_word' id='word_1_195' title='bbox 357 3696 549 3772; x_wconf 77' lang='lat' dir='ltr'><strong><em>Manichaei</em></strong></span> <span class='ocrx_word' id='word_1_196' title='bbox 556 3750 567 3788; x_wconf 91' lang='lat'><strong><em>,</em></strong></span> <span class='ocrx_word' id='word_1_197' title='bbox 598 3694 771 3769; x_wconf 79' lang='lat' dir='ltr'><strong><em>Haeretici</em></strong></span> <span class='ocrx_word' id='word_1_198' title='bbox 790 3706 820 3769; x_wconf 92' lang='lat' dir='ltr'><strong><em>et</em></strong></span> <span class='ocrx_word' id='word_1_199' title='bbox 845 3696 1041 3789; x_wconf 86' lang='lat' dir='ltr'><strong><em>Valdenses,</em></strong></span> <span class='ocrx_word' id='word_1_200' title='bbox 1073 3700 1134 3772; x_wconf 89' lang='lat' dir='ltr'><strong><em>ubi</em></strong></span> <span class='ocrx_word' id='word_1_201' title='bbox 1163 3699 1304 3798; x_wconf 88' lang='lat' dir='ltr'><strong><em>quisque</em></strong></span> <span class='ocrx_word' id='word_1_202' title='bbox 1332 3697 1446 3788; x_wconf 79' lang='lat' dir='ltr'><strong><em>vides,</em></strong></span> <span class='ocrx_word' id='word_1_203' title='bbox 1468 3722 1526 3771; x_wconf 90' lang='lat' dir='ltr'><strong><em>eos</em></strong></span> <span class='ocrx_word' id='word_1_204' title='bbox 1553 3697 1674 3770; x_wconf 88' lang='lat' dir='ltr'><strong><em>diserte</em></strong></span> <span class='ocrx_word' id='word_1_205' title='bbox 1701 3725 1720 3770; x_wconf 93' lang='lat' dir='ltr'><strong><em>a</em></strong></span> <span class='ocrx_word' id='word_1_206' title='bbox 1747 3697 1954 3772; x_wconf 83' lang='lat' dir='ltr'><strong><em>Maniclraeis</em></strong></span> 
     </span>
     <span class='ocr_line' id='line_1_22' title="bbox 356 3850 1954 3952; baseline -0.001 -26"><span class='ocrx_word' id='word_1_207' title='bbox 356 3851 530 3952; x_wconf 88' lang='lat' dir='ltr'><strong><em>distingui.</em></strong></span> <span class='ocrx_word' id='word_1_208' title='bbox 581 3853 759 3944; x_wconf 86' lang='lat' dir='ltr'><strong><em>Quasnam</em></strong></span> <span class='ocrx_word' id='word_1_209' title='bbox 788 3852 824 3924; x_wconf 89' lang='lat' dir='ltr'><strong><em>in</em></strong></span> <span class='ocrx_word' id='word_1_210' title='bbox 850 3867 961 3925; x_wconf 89' lang='lat' dir='ltr'><strong><em>mente</em></strong></span> <span class='ocrx_word' id='word_1_211' title='bbox 998 3852 1154 3926; x_wconf 87' lang='lat' dir='ltr'><strong><em>hahuerit</em></strong></span> <span class='ocrx_word' id='word_1_212' title='bbox 1191 3879 1270 3925; x_wconf 91' lang='lat' dir='ltr'><strong><em>cum</em></strong></span> <span class='ocrx_word' id='word_1_213' title='bbox 1308 3854 1468 3925; x_wconf 88' lang='lat' dir='ltr'><strong><em>insereret</em></strong></span> <span class='ocrx_word' id='word_1_214' title='bbox 1502 3850 1689 3944; x_wconf 82' lang='lat' dir='ltr'><strong><em>Haeretici,</em></strong></span> <span class='ocrx_word' id='word_1_215' title='bbox 1714 3852 1884 3926; x_wconf 83' lang='lat' dir='ltr'><strong><em>Gnosticos</em></strong></span> <span class='ocrx_word' id='word_1_216' title='bbox 1911 3880 1954 3925; x_wconf 92' lang='lat' dir='ltr'><strong><em>an</em></strong></span> 
     </span>
    </p>
   </div>
   <div class='ocr_carea' id='block_1_3' title="bbox 339 4006 1957 4107">
    <p class='ocr_par' dir='ltr' id='par_1_4' title="bbox 339 4006 1957 4107">
     <span class='ocr_line' id='line_1_23' title="bbox 339 4006 1957 4107; baseline 0.001 -30"><span class='ocrx_word' id='word_1_217' title='bbox 339 4006 441 4078; x_wconf 68' lang='lat' dir='ltr'><strong><em>alios</em></strong></span> <span class='ocrx_word' id='word_1_218' title='bbox 466 4006 624 4079; x_wconf 90' lang='lat' dir='ltr'><strong><em>dirimere</em></strong></span> <span class='ocrx_word' id='word_1_219' title='bbox 653 4032 722 4079; x_wconf 93' lang='lat' dir='ltr'><strong><em>non</em></strong></span> <span class='ocrx_word' id='word_1_220' title='bbox 743 4007 862 4082; x_wconf 88' lang='lat' dir='ltr'><strong><em>ausim.</em></strong></span> <span class='ocrx_word' id='word_1_221' title='bbox 912 4008 1004 4082; x_wconf 88' lang='lat' dir='ltr'><strong><em>Adeo</em></strong></span> <span class='ocrx_word' id='word_1_222' title='bbox 1030 4020 1142 4080; x_wconf 88' lang='lat' dir='ltr'><strong><em>tamen</em></strong></span> <span class='ocrx_word' id='word_1_223' title='bbox 1167 4006 1320 4081; x_wconf 80' lang='lat' dir='ltr'><strong><em>offendor</em></strong></span> <span class='ocrx_word' id='word_1_224' title='bbox 1340 4007 1403 4080; x_wconf 88' lang='lat' dir='ltr'><strong><em>bac</em></strong></span> <span class='ocrx_word' id='word_1_225' title='bbox 1432 4033 1519 4107; x_wconf 84' lang='lat' dir='ltr'><strong><em>roga</em></strong></span> <span class='ocrx_word' id='word_1_226' title='bbox 1547 4021 1582 4081; x_wconf 90' lang='lat' dir='ltr'><strong><em>et</em></strong></span> <span class='ocrx_word' id='word_1_227' title='bbox 1610 4010 1737 4080; x_wconf 83' lang='lat' dir='ltr'><strong><em>infinita</em></strong></span> <span class='ocrx_word' id='word_1_228' title='bbox 1765 4033 1873 4098; x_wconf 87' lang='lat' dir='ltr'><strong><em>vore,</em></strong></span> <span class='ocrx_word' id='word_1_229' title='bbox 1899 4009 1957 4079; x_wconf 91' lang='lat' dir='ltr'><strong><em>in-</em></strong></span> 
     </span>
    </p>
   </div>
   <div class='ocr_carea' id='block_1_4' title="bbox 377 4199 844 4216">
    <p class='ocr_par' dir='ltr' id='par_1_5' title="bbox 377 4199 844 4216">
     <span class='ocr_line' id='line_1_24' title="bbox 377 4199 844 4216; baseline 0.006 -6"><span class='ocrx_word' id='word_1_230' title='bbox 377 4199 844 4216; x_wconf 47' lang='lat' dir='ltr'><strong><em>mm—</em></strong></span> 
     </span>
    </p>
   </div>
   <div class='ocr_carea' id='block_1_5' title="bbox 384 4306 647 4462">
    <p class='ocr_par' dir='ltr' id='par_1_6' title="bbox 384 4306 647 4462">
     <span class='ocr_line' id='line_1_25' title="bbox 384 4306 642 4375; baseline 0.012 -20"><span class='ocrx_word' id='word_1_231' title='bbox 384 4308 424 4375; x_wconf 84' lang='lat'><strong><em>(1)</em></strong></span> <span class='ocrx_word' id='word_1_232' title='bbox 442 4308 472 4356; x_wconf 78' lang='lat' dir='ltr'><strong><em>L.</em></strong></span> <span class='ocrx_word' id='word_1_233' title='bbox 493 4324 514 4356; x_wconf 91' lang='lat' dir='ltr'><strong><em>e.</em></strong></span> <span class='ocrx_word' id='word_1_234' title='bbox 536 4324 561 4372; x_wconf 86' lang='lat' dir='ltr'><strong><em>p.</em></strong></span> <span class='ocrx_word' id='word_1_235' title='bbox 581 4306 642 4359; x_wconf 71' lang='lat'><strong><em>557.</em></strong></span> 
     </span>
     <span class='ocr_line' id='line_1_26' title="bbox 386 4397 647 4462; baseline 0.011 -17"><span class='ocrx_word' id='word_1_236' title='bbox 386 4398 426 4462; x_wconf 81' lang='lat'><strong><em>(2)</em></strong></span> <span class='ocrx_word' id='word_1_237' title='bbox 445 4397 477 4446; x_wconf 85' lang='lat' dir='ltr'><strong><em>L.</em></strong></span> <span class='ocrx_word' id='word_1_238' title='bbox 499 4413 522 4447; x_wconf 89' lang='lat' dir='ltr'><strong><em>c.</em></strong></span> <span class='ocrx_word' id='word_1_239' title='bbox 542 4413 569 4461; x_wconf 89' lang='lat' dir='ltr'><strong><em>p.</em></strong></span> <span class='ocrx_word' id='word_1_240' title='bbox 587 4398 647 4448; x_wconf 76' lang='grc'><strong>669.</strong></span> 
     </span>
    </p>
   </div>
   <div class='ocr_carea' id='block_1_6' title="bbox 270 4486 1963 4558">
    <p class='ocr_par' dir='ltr' id='par_1_7' title="bbox 270 4486 1963 4558">
     <span class='ocr_line' id='line_1_27' title="bbox 270 4486 1963 4558; baseline 0.006 -23"><span class='ocrx_word' id='word_1_241' title='bbox 270 4486 273 4491; x_wconf 86' lang='grc'><strong>’</strong></span> <span class='ocrx_word' id='word_1_242' title='bbox 383 4488 423 4553; x_wconf 76' lang='grc'><strong><em>(3)</em></strong></span> <span class='ocrx_word' id='word_1_243' title='bbox 441 4487 498 4536; x_wconf 86' lang='lat' dir='ltr'><strong><em>vid.</em></strong></span> <span class='ocrx_word' id='word_1_244' title='bbox 523 4503 665 4538; x_wconf 72' lang='lat' dir='ltr'><strong><em>:rueramus</em></strong></span> <span class='ocrx_word' id='word_1_245' title='bbox 687 4492 812 4540; x_wconf 80' lang='lat' dir='ltr'><strong><em>adsersus</em></strong></span> <span class='ocrx_word' id='word_1_246' title='bbox 836 4493 970 4546; x_wconf 78' lang='lat' dir='ltr'><strong><em>Haereses.</em></strong></span> <span class='ocrx_word' id='word_1_247' title='bbox 999 4496 1053 4546; x_wconf 80' lang='lat' dir='ltr'><strong><em>lib.</em></strong></span> <span class='ocrx_word' id='word_1_248' title='bbox 1076 4495 1103 4544; x_wconf 83' lang='lat'><strong><em>2.</em></strong></span> <span class='ocrx_word' id='word_1_249' title='bbox 1130 4496 1198 4545; x_wconf 80' lang='lat' dir='ltr'><strong><em>Tora.</em></strong></span> <span class='ocrx_word' id='word_1_250' title='bbox 1221 4496 1256 4545; x_wconf 84' lang='grc' dir='ltr'><strong><em>ΙΙ.</em></strong></span> <span class='ocrx_word' id='word_1_251' title='bbox 1279 4511 1304 4558; x_wconf 90' lang='lat' dir='ltr'><strong><em>p.</em></strong></span> <span class='ocrx_word' id='word_1_252' title='bbox 1331 4493 1391 4544; x_wconf 74' lang='lat'><strong><em>⁸47.</em></strong></span> <span class='ocrx_word' id='word_1_253' title='bbox 1413 4491 1474 4542; x_wconf 80' lang='lat'><strong><em>676.</em></strong></span> <span class='ocrx_word' id='word_1_254' title='bbox 1501 4488 1562 4540; x_wconf 76' lang='lat'><strong><em>⁶77.</em></strong></span> <span class='ocrx_word' id='word_1_255' title='bbox 1584 4496 1611 4539; x_wconf 85' lang='lat' dir='ltr'><strong><em>et</em></strong></span> <span class='ocrx_word' id='word_1_256' title='bbox 1632 4506 1661 4539; x_wconf 77' lang='lat' dir='ltr'><strong><em>ns</em></strong></span> <span class='ocrx_word' id='word_1_257' title='bbox 1682 4506 1827 4544; x_wconf 72' lang='lat' dir='ltr'><strong><em>truncam.</em></strong></span> <span class='ocrx_word' id='word_1_258' title='bbox 1850 4495 1963 4545; x_wconf 75' lang='lat' dir='ltr'><strong><em>ttrtoc&#39;re</em></strong></span> 
     </span>
    </p>
   </div>
   <div class='ocr_carea' id='block_1_7' title="bbox 387 4578 1416 4733">
    <p class='ocr_par' dir='ltr' id='par_1_8' title="bbox 387 4578 1416 4733">
     <span class='ocr_line' id='line_1_28' title="bbox 447 4578 1416 4650; baseline 0.009 -25"><span class='ocrx_word' id='word_1_259' title='bbox 447 4579 565 4642; x_wconf 78' lang='lat' dir='ltr'><strong><em>crtttqur</em></strong></span> <span class='ocrx_word' id='word_1_260' title='bbox 582 4580 614 4627; x_wconf 83' lang='lat' dir='ltr'><strong><em>cte</em></strong></span> <span class='ocrx_word' id='word_1_261' title='bbox 633 4578 866 4632; x_wconf 65' lang='lat' dir='ltr'><strong><em>Montaniana</em></strong></span> <span class='ocrx_word' id='word_1_262' title='bbox 883 4584 1094 4637; x_wconf 71' lang='lat' dir='ltr'><strong><em>Hantctsets&#39;rrne.</em></strong></span> <span class='ocrx_word' id='word_1_263' title='bbox 1114 4585 1184 4636; x_wconf 78' lang='lat' dir='ltr'><strong><em>Tam.</em></strong></span> <span class='ocrx_word' id='word_1_264' title='bbox 1205 4586 1226 4636; x_wconf 86' lang='lat'><strong><em>1.</em></strong></span> <span class='ocrx_word' id='word_1_265' title='bbox 1246 4601 1271 4650; x_wconf 85' lang='lat' dir='ltr'><strong><em>p.</em></strong></span> <span class='ocrx_word' id='word_1_266' title='bbox 1290 4583 1342 4633; x_wconf 80' lang='lat'><strong><em>269</em></strong></span> <span class='ocrx_word' id='word_1_267' title='bbox 1360 4598 1416 4646; x_wconf 80' lang='lat' dir='ltr'><strong><em>sqq.</em></strong></span> 
     </span>
     <span class='ocr_line' id='line_1_29' title="bbox 387 4665 645 4733; baseline 0.019 -20"><span class='ocrx_word' id='word_1_268' title='bbox 387 4665 427 4733; x_wconf 77' lang='lat' dir='ltr'><strong><em>(l)</em></strong></span> <span class='ocrx_word' id='word_1_269' title='bbox 445 4666 477 4718; x_wconf 77' lang='lat' dir='ltr'><strong><em>L.</em></strong></span> <span class='ocrx_word' id='word_1_270' title='bbox 497 4684 520 4717; x_wconf 90' lang='lat' dir='ltr'><strong><em>e.</em></strong></span> <span class='ocrx_word' id='word_1_271' title='bbox 540 4685 565 4732; x_wconf 87' lang='lat' dir='ltr'><strong><em>p.</em></strong></span> <span class='ocrx_word' id='word_1_272' title='bbox 584 4667 645 4718; x_wconf 76' lang='lat'><strong><em>671.</em></strong></span> 
     </span>
    </p>
   </div>
   <div class='ocr_carea' id='block_1_8' title="bbox 1811 4801 1836 4871">
    <p class='ocr_par' dir='ltr' id='par_1_9' title="bbox 1811 4801 1836 4871">
     <span class='ocr_line' id='line_1_30' title="bbox 1811 4801 1836 4871; baseline 0 0"><span class='ocrx_word' id='word_1_273' title='bbox 1811 4801 1836 4871; x_wconf 73' lang='lat'><strong>4</strong></span> 
     </span>
    </p>
   </div>
   <div class='ocr_carea' id='block_1_9' title="bbox 0 0 2326 6224">
    <p class='ocr_par' dir='ltr' id='par_1_10' title="bbox 0 0 2326 6224">
     <span class='ocr_line' id='line_1_31' title="bbox 0 0 2326 6224; baseline 0 0"><span class='ocrx_word' id='word_1_274' title='bbox 0 0 2326 6224; x_wconf 95' lang='lat' dir='ltr'><strong><em> </em></strong></span> 
     </span>
    </p>
   </div>
  </div>
 </body>
</html>
