4642 6224
1133 433 1193 523 74

359 734 550 838 diligemus
562 704 737 806 emautur:
752 754 791 804 eo
808 727 899 829 quod
915 725 1001 800 uliae
1020 728 1184 820 nationes,
1199 723 1398 802 Hoercts'cos
1413 725 1658 820 Provincrotc's,
1681 724 1869 831 Aliquae,
1880 721 1967 806 ton.
2108 679 2110 682 .

356 891 515 971 mevenit
537 884 703 989 appellare
723 883 796 985 (l).
845 882 1019 984 Equidem
1046 909 1169 984 negare
1199 883 1300 977 nolo,
1323 883 1500 976 homines,
1522 897 1599 960 unte
1623 909 1750 964 annum
1773 887 1966 962 Mccvlll
2122 990 2123 994 Ἴ

358 1049 400 1121 de
417 1044 538 1120 incolis
558 1041 737 1143 diogeni,
761 1053 891 1117 etcum
913 1041 963 1113 ibi
979 1039 1091 1124 uculo
1106 1042 1183 1117 XII
1204 1040 1305 1117 multi
1323 1043 1395 1141 jam
1416 1040 1590 1118 Haeretici
1611 1043 1758 1136 luerint,
1783 1043 1825 1117 de
1848 1043 1967 1119 incolis

359 1204 460 1301 hujus
499 1200 648 1301 regionis
685 1197 856 1274 Ecclesiae
892 1196 1090 1273 advocavit
1127 1197 1323 1297 loquentes,
1357 1196 1686 1300 albigensium
1710 1225 1780 1277 csse
1807 1202 1964 1275 nomine:
2037 1287 2038 1290 Ἴ

359 1357 453 1460 quod
484 1381 538 1432 res
560 1356 635 1457 ipsa
661 1354 815 1454 loquitur
847 1353 921 1429 fieri
948 1351 1123 1445 debuisse,
1148 1351 1286 1452 quando
1313 1353 1356 1430 de
1384 1355 1426 1431 iis
1449 1381 1561 1431 sermo
1592 1356 1780 1433 haberetur.
1831 1358 1899 1435 Sed
1922 1359 1966 1431 ab

359 1541 400 1588 eo
425 1513 565 1587 demumr
591 1522 772 1610 tempore,
795 1533 867 1609 quo
890 1506 1059 1609 expeditio
1081 1509 1118 1583 in
1139 1509 1284 1585 Guttam
1307 1511 1562 1587 meridionalem
1586 1525 1762 1613 pararetur
1786 1525 1821 1585 ct
1845 1513 1967 1587 mitte-

359 1682 482 1759 retur,.
507 1668 663 1740 omnium
692 1668 810 1738 inore
834 1664 1028 1765 Aldigeuscs
1056 1691 1127 1738 esse
1149 1666 1360 1767 inceperunt.
1409 1669 1503 1744 Hucc
1521 1668 1617 1769 regio
1638 1658 1764 1767 'nempe
1792 1669 1904 1769 prima
1929 1672 1966 1741 in

359 1822 540 1899 Occidente
578 1820 661 1913 fuit,
701 1845 800 1919 quae·
815 1819 966 1895 militum
995 1845 1094 1894 cruoe
1121 1821 1336 1921 signatorum
1363 1825 1469 1897 armis
1495 1822 1729 1914 invaderetur,
1753 1834 1793 1898 ut
1817 1823 1966 1930 Pontifi-

358 2005 436 2055 cum
465 1982 700 2053 Romanorum
725 1974 952 2057 dominationi
977 2000 1013 2051 se
1039 1976 1227 2074 subjioeret.
1278 1977 1335 2052 lbi
1365 1980 1461 2077 Papo
1486 2000 1750 2054 ruuocnnnws
1774 1978 1833 2052 111
1858 1979 1964 2054 veluti

357 2135 576 2211 fundamento
603 2133 684 2232 jecit
718 2131 944 2233 Inquisitiouis
972 2129 1086 2223 illius,
1118 2132 1172 2205 eui
1197 2130 1296 2211 brevi
1321 2145 1401 2234 post
1424 2160 1445 2208 a
1472 2157 1675 2209 ouuonro
1700 2134 1757 2206 lX
1785 2133 1966 2207 tribunalis

308 2383 311 2390 .
359 2291 471 2365 torma
495 2287 572 2365 data
601 2301 652 2363 est
677 2286 750 2388 (2).
798 2289 881 2364 lam
910 2312 993 2366 vero
1023 2313 1103 2361 cum
1129 2285 1337 2389 Aldiguuuu
1361 2289 1412 2364 ibi
1435 2287 1596 2362 latissime
1623 2298 1772 2385 pateret,
1796 2285 1965 2386 expediti-

357 2471 460 2521 onem
482 2457 673 2544 susceptam
698 2468 770 2518 esse
790 2442 949 2519 dixerunt
974 2455 1093 2518 contra
1116 2441 1322 2544 Albigeuaes.
1371 2444 1447 2537 Qua
1473 2467 1557 2520 voce
1578 2441 1765 2541 generatim
1792 2441 1966 2539 signifiea-

355 2603 481 2679 bnntur
502 2600 634 2686 incolae
657 2598 820 2705 Albiqesii
829 2652 841 2692 ,
866 2601 992 2701 quippe
1015 2599 1144 2702 partim
1168 2598 1363 2692 Haeretici,
1386 2598 1513 2702 partim
1538 2596 1794 2670 Haereticorum
1808 2594 1964 2693 fautores

357 2770 391 2831 et
427 2756 631 2855 defensores:
667 2754 839 2857 sigillatim
873 2782 957 2834 vero
984 2755 1160 2834 Haeretici
1191 2757 1280 2863 ipsi,
1303 2767 1474 2858 quotquot
1500 2753 1549 2827 ibi
1574 2752 1751 2852 degebant.
1799 2753 1846 2826 Et
1875 2750 1964 2824 hanc

358 2914 496 3012 quidem
525 2912 698 2987 notionem
720 2914 800 2988 soci
826 2911 1015 2989 adhaesisse
1037 2914 1249 3015 omonimus,
1281 2911 1444 3013 quimdiu
1470 2909 1529 2985 illa
1552 2911 1587 2983 in
1616 2908 1751 3008 regione
1773 2905 1815 2980 de
1839 2904 1963 2979 Eccle-

357 3067 425 3145 siae
448 3090 547 3141 causa
565 3063 654 3141 betta
679 3077 714 3139 et
736 3069 920 3145 certamine
948 3083 1126 3169 agerentur
1152 3069 1225 3168 (3).
1345 3126 1353 3179 3

1089 3339 1206 3470 aa.

408 3593 659 3678 Haereticos
686 3591 901 3706 Albigeaii
928 3594 998 3677 oel
1023 3593 1271 3706 Aldigeuoes
1298 3594 1503 3676 dicerunt
1529 3620 1688 3693 omues,
1718 3598 1913 3703 quotquot

728 3764 779 3843 iu
809 3760 957 3847 Gallia
982 3765 1263 3850 meridionali
1291 3761 1580 3849 versabuntur.

406 3995 509 4090 Q¹¹⁰d
541 3994 584 4068 de
610 3993 778 4097 Aldtqtsw
805 3999 1022 4096 morumne,
1049 4003 1110 4081 uui
1133 4001 1296 4102 alterique
1325 3998 1469 4075 dubium
1496 3997 1638 4102 sortasse
1661 3993 1854 4084 videbitur,
1878 3979 1973 4089 quia'

383 4297 408 4357 (l
441 4297 472 4348 L.
493 4314 514 4348 c.
568 4312 624 4350 uc.
689 4297 752 4354 dul.

384 4296 423 4452 (2i
441 4298 730 4448 htmzsfllilltirt
748 4389 870 4455 critique
886 4391 920 4443 te
937 4357 1130 4458 l’lrtqus‘rits'ou
1145 4390 1308 4456 amimea.
1328 4388 1398 4440 lon.
1417 4388 1440 4438 1.
1459 4402 1486 4451 p.
1507 4383 1537 4432 tt
1558 4398 1614 4447 sqq.
1634 4381 1679 4433 Ed.
1698 4381 1725 4432 2.

384 4474 424 4542 (3)
442 4476 567 4540 legantur
587 4476 685 4531 Otiose.
705 4480 878 4530 irremote.
897 4496 923 4546 p.
940 4479 1001 4531 779.
1040 4482 1292 4534 circumuenit.
1312 4481 1330 4529 1.
1350 4497 1372 4530 e.
1392 4476 1498 4544 p.182.
1534 4471 1823 4525 Proeosurlucuus'c
1839 4469 1960 4520 annates.

443 4566 470 4614 in
489 4565 561 4616 ortt.
582 4567 659 4630 Patr.
681 4568 751 4618 lom.
766 4568 841 4621 XXV.
863 4585 889 4634 p.
907 4570 955 4618 961
975 4573 1003 4619 et
1020 4584 1094 4622 onor.
1115 4584 1237 4624 usuratu.
1256 4570 1275 4622 l.
1295 4586 1318 4620 c.
1340 4585 1366 4636 p.
1388 4567 1447 4621 176.
1464 4566 1508 4631 au.
1526 4564 1646 4636 Histoire
1662 4564 1694 4614 de
1710 4561 1877 4628 homme.
1897 4560 1916 4609 t.
1936 4572 1960 4608 ea

442 4672 469 4720 p.
489 4655 539 4704 1113
557 4671 615 4719 sqq.
634 4660 661 4708 et
678 4673 822 4710 senonen.
842 4659 861 4710 1.
882 4676 904 4709 c.
923 4674 950 4727 p.
969 4659 1020 4711 soe
1037 4675 1095 4726 sqq.
