4642 6224
1128 470 1216 575 29.

357 795 564 877 censeantur,
597 783 778 873 modestes,
811 788 1044 882 receptatores,
1070 781 1225 879 fautores
1253 788 1284 854 et
1310 777 1492 877 defoaores
1520 802 1632 852 eornm
1655 781 1690 852 in
1712 780 1791 854 urhe
1816 783 1951 884 uirgatis

356 944 450 1017 annis
472 969 495 1014 a
518 948 684 1031 senatore,
707 937 839 1040 quando
862 935 1027 1036 regimt'rris
1045 934 1100 1008 sui
1110 909 1305 1038 praetiterit
1319 934 1561 1034 jurameutum,
1579 944 1735 1036 perpetuo
1756 935 1949 1036 diffidenter.

357 1098 459 1173 Multi
486 1096 543 1168 hic
577 1094 715 1195 quidem
749 1091 953 1167 inducuntur
987 1089 1167 1165 Haeretici.
1218 1091 1285 1166 Sed
1317 1089 1451 1163 nullum
1482 1087 1605 1163 horum
1636 1092 1862 1190 scriptorum,
1895 1106 1954 1165 aut
2005 1112 2010 1126 ·

357 1278 474 1327 ornnes
493 1247 766 1348 comprehendit,
794 1247 854 1345 qui
879 1245 936 1318 hic
958 1245 992 1317 in
1018 1269 1153 1318 oensum
1174 1246 1290 1323 venire
1308 1243 1449 1335 debent,
1476 1258 1534 1317 aut
1557 1244 1623 1318 sibi
1647 1248 1754 1338 cavit,
1785 1273 1827 1320 ne
1852 1247 1951 1322 unius

356 1404 571 1506 ejusdemque
598 1416 705 1476 sectae
732 1401 863 1478 diversa
892 1399 1033 1473 nomina
1057 1424 1135 1472 cum
1159 1399 1371 1477 diversarum
1394 1412 1562 1474 sectarum
1584 1401 1780 1474 nominibus
1807 1403 1954 1476 confun-

355 1560 448 1634 deret
476 1560 547 1658 (l).
598 1557 688 1632 Satis
714 1558 815 1658 plana
841 1557 942 1628 nobis
968 1568 1053 1628 esset
1077 1554 1325 1655 progrediendi·
1345 1557 1423 1647 via,
1457 1557 1486 1627 si
1517 1554 1620 1628 fidem
1646 1569 1831 1630 mereretur
1859 1558 1952 1659 quod

356 1710 528 1786 contendit
561 1708 934 1785 Pseudo-neraunus:
982 1706 1093 1797 Noto,
1130 1707 1221 1807 qood
1246 1715 1349 1780 sertae
1376 1707 1631 1783 Haereticorrrm
1654 1707 1794 1805 frenant
1822 1710 1952 1811 ptores,

357 1894 457 1969 qaam
484 1865 608 1944 LXX.
634 1889 719 1966 qaae
744 1889 871 1953 omna,
898 1889 963 1966 per
988 1862 1060 1978 Dei
1086 1862 1250 1962 gratiam,
1279 1861 1398 1934 deletae
1425 1871 1517 1953 nent,
1549 1870 1681 1964 praeter
1706 1872 1807 1936 sectas
1834 1865 1955 1939 Marri-

355 2025 546 2113 choeorum,
580 2022 807 2110 Antaeum,
840 2016 1090 2089 Roacariorrtm
1118 2024 1149 2090 et
1175 2015 1428 2108 Leonistaram,
1462 2043 1547 2118 qaae
1575 2017 1804 2092 Aemoniam
1817 2047 1818 2052 ¹
1833 2019 1955 2118 infece-
1988 2093 1991 2098 ,

353 2184 429 2248 rant
458 2175 529 2275 (2).
579 2173 666 2263 Sed,
700 2172 750 2244 uti
774 2171 840 2243 hoc
866 2171 1100 2244 testimonium
1124 2185 1281 2270 tempora
1308 2174 1378 2271 jam
1401 2171 1585 2244 recentiora
1607 2184 1642 2245 et
1663 2198 1768 2247 unam
1791 2195 1956 2250 aenne-

355 2349 463 2405 nuenr
488 2338 634 2425 spectat,
662 2326 773 2400 itaer
798 2325 977 2400 collatione
1000 2326 1124 2399 horum
1149 2328 1337 2403 verborum
1362 2352 1439 2400 cum
1464 2326 1572 2425 capite
1595 2328 1615 2400 1
1636 2339 1671 2399 et
1695 2327 1757 2418 iis,
1786 2354 1872 2428 quae
1896 2330 1954 2402 in-

354 2483 407 2555 fra
425 2478 625 2580 disputanda
645 2491 742 2570 sunt,
761 2480 955 2580 apparebit,
981 2480 1154 2556 levissimo
1175 2480 1309 2554 homini
1328 2479 1533 2554 credendum
1554 2505 1624 2554 non
1640 2508 1720 2557 esse.
1750 2484 1845 2559 Nihil
1863 2484 1955 2559 aliud

356 2633 440 2710 mihi
479 2645 602 2724 restat,
637 2659 761 2732 quam,
799 2631 1053 2706 Haereticomm
1090 2635 1282 2707 recensione
1318 2632 1455 2725 habita,
1492 2634 1625 2708 silentio
1659 2640 1841 2735 praeterire
1874 2667 1952 2731 eos,

356 2814 507 2894 quorum
532 2789 679 2888 origines
702 2802 738 2861 et
757 2789 931 2888 opiniones
953 2813 1096 2886 prorsus
1117 2789 1153 2861 in
1178 2788 1325 2863 obscuro
1347 2786 1473 2879 latent,
1498 2801 1627 2864 eeteros
1654 2815 1757 2880 vero,
1788 2805 1954 2889 quantum

356 2969 518 3044 possum,
550 2942 595 3016 ud
622 2969 682 3016 sua
710 2968 831 3042 genera
859 2944 983 3016 referre
1008 2955 1044 3015 et
1065 2942 1201 3042 longius
1230 2942 1410 3020 breviasse
1432 2943 1469 3014 in
1492 2966 1612 3017 eorum
1635 2942 1811 3019 historiam
1835 2947 1956 3047 inqui-

356 3126 449 3192 rere,
478 3111 582 3200 prout
605 3098 663 3172 illa
686 3100 797 3201 magis
817 3100 972 3176 minusve
995 3098 1040 3172 ud
1062 3099 1249 3174 institutam
1273 3099 1505 3198 quaestionem
1527 3099 1683 3198 pertinet.

404 3257 532 3331 Breves
565 3255 672 3353 igitur
698 3255 799 3328 nohis
821 3279 893 3328 esse
921 3252 1037 3327 lioebit
1059 3252 1102 3327 de
1126 3253 1347 3344 Arietate,
1371 3252 1610 3343 sectatoribus,
1638 3267 1676 3327 ut
1702 3254 1809 3356 vulgo
1832 3259 1954 3330 statui-

355 3423 429 3499 tur,
456 3428 640 3484 aanonm
657 3407 698 3481 de
721 3408 877 3500 Breseiffi
900 3407 992 3482 haud
1015 3399 1123 3500 vero,
1140 3422 1180 3480 ut
1198 3410 1357 3508 opinatus
1375 3419 1427 3481 est
1453 3416 1655 3484 n’naeaur
1667 3407 1746 3507 (3),
1771 3431 1952 3488 nunnus

220 3669 227 3677 .
357 3565 398 3638 de
423 3563 500 3637 villa
525 3562 642 3655 Noua,
668 3564 729 3665 qui
755 3561 891 3637 demum
921 3575 1077 3638 mortuus
1097 3577 1149 3637 est
1175 3589 1263 3637 anno
1293 3563 1386 3639 1313
1410 3563 1482 3664 (4).
1531 3563 1578 3638 Hi
1606 3564 1698 3638 enim
1724 3563 1843 3639 eodem
1872 3569 1954 3667 quie

218 3813 223 3821 Ι
355 3719 434 3795 dem
463 3721 499 3792 in
525 3719 603 3794 loco
633 3744 673 3792 ac
699 3717 876 3793 Vataenses
901 3720 978 3820 plus
1002 3719 1105 3794 murel
1122 3734 1377 3811 memorantur,
1400 3719 1457 3792 sed
1477 3744 1668 3821 nusquam,
1691 3735 1856 3821 quantum
1885 3749 1953 3799 no·

355 3875 489 3965 vimus,
523 3875 611 3946 inter
647 3875 775 3947 amicos
807 3875 863 3950 rel
895 3876 1052 3948 inimicos
1084 3902 1203 3949 eorsum
1240 3887 1471 3951 numerantur.
1531 3873 1807 3952 Petrobraeiaoos
1840 3893 1951 3951 autern

225 4127 226 4132 Ἰ
358 4026 450 4124 quod
471 4028 588 4100 attinet
603 4040 636 4100 et
662 4026 909 4116 Henrieianos;
934 4032 1003 4127 jam
1030 4030 1112 4122 diu,
1142 4044 1322 4133 antequam
1351 4029 1530 4104 Valdenses
1554 4004 1770 4132 prodierant,
1794 4034 1949 4108 exstinuti

385 4398 426 4466 (1)
443 4400 483 4450 ct.
503 4415 646 4452 mroreu.
666 4402 685 4454 t.
705 4419 728 4452 r.
747 4420 773 4469 p.
791 4405 843 4455 tte
860 4423 917 4472 sqq.

383 4488 423 4556 (2)
442 4487 473 4541 L.
493 4504 517 4539 e.
536 4491 595 4554 Cap.
615 4490 660 4541 tv.
679 4507 706 4557 p.
724 4491 785 4542 zet.

384 4576 625 4644 &Lapa

384 4667 424 4736 (4)
442 4669 481 4722 Gt.
501 4684 643 4721 aarum.
663 4669 682 4722 t.
703 4686 725 4721 e.
745 4671 815 4725 Tam.
834 4674 931 4729 mv.
951 4693 978 4742 p.
997 4676 1058 4729 446.
