4642 6224
996 461 1053 551 73

222 786 389 844 consuas
411 776 525 837 tamen
550 759 773 862 negligentiae
796 781 900 857 qiam
928 755 1139 858 ignorantiae
1161 778 1317 833 accusare
1341 757 1457 852 malo,
1479 783 1558 833 oum
1582 762 1732 861 priscam
1755 789 1824 844 vo.

221 923 271 995 cis
297 917 528 1021 Albigensium
549 916 727 989 notionem
749 913 815 989 sibi
843 913 1016 1012 cognitam
1042 913 1144 986 luisse
1167 910 1334 1004 ostendit,
1356 911 1401 984 ad
1427 938 1554 987 annum
1566 915 1722 991 MCCIV
1737 921 1825 993 scri-

80 1126 88 1142 .
221 1074 353 1150 bondo:
389 1073 437 1149 Α.
472 1071 623 1145 Donnino
654 1069 760 1172 Papo
793 1091 1036 1144 quocmtrro
1063 1066 1233 1142 duodecim
1265 1065 1410 1142 Abbutes
1435 1068 1656 1145 Cesterciensis
1681 1070 1825 1166 ordinis,

221 1254 295 1303 oum
319 1253 385 1302 nno
410 1224 621 1330 Apostoliooe
642 1220 727 1296 redu
751 1221 903 1322 Lequto,
926 1222 960 1294 in
982 1230 1106 1295 terram
1128 1219 1355 1324 ⁴(tlbigensium
1378 1249 1441 1323 pro
1462 1223 1686 1326 procurando
1709 1233 1825 1300 contra

219 1381 416 1456 Haeretioos
433 1379 502 1471 fide
524 1376 696 1454 catholica
716 1377 916 1451 destinaretur
938 1377 1010 1478 (l)
1036 1379 1132 1470 Quae
1153 1379 1433 1453 commemoratio
1462 1392 1570 1453 terrae
1597 1380 1821 1481 Atinensium

219 1538 321 1611 etiam
353 1536 521 1634 reperitur
550 1533 700 1610 indetis
724 1533 859 1607 concilii
884 1531 1128 1619 Narbonensis;
1154 1532 1311 1630 quamvis
1333 1534 1496 1635 inscripta
1518 1548 1596 1609 sunt
1622 1535 1667 1608 ab
1694 1536 1822 1611 editore

220 1719 282 1793 pro
306 1689 525 1765 convertendis
545 1687 774 1789 Albsqensibus
794 1690 867 1788 (2).
1884 1648 1887 1652 ι

270 1848 432 1947 Sequitur
451 1872 493 1920 ex
512 1845 575 1937 iis,
597 1869 683 1944 quae
701 1842 968 1942 disputavimus,
993 1867 1119 1916 nomen
1141 1842 1367 1943 Atbtgaatm
1383 1856 1461 1918 ante
1472 1869 1598 1921 annum
1612 1847 1823 1939 MCCVIII,

221 2005 250 2077 si
266 2002 321 2078 vel
338 2028 445 2104 pauca
463 2001 532 2076 sint
547 2001 642 2090 loca,
659 1999 718 2071 ubi
735 1997 946 2097 praecedenti
963 1999 1109 2095 tempori
1129 1997 1319 2091 tribuatur,
1343 1999 1384 2072 ad
1403 2025 1511 2099 genus
1532 2001 1705 2101 quoddam
1724 2003 1827 2077 Hoe-

114 2252 120 2263 ·
221 2158 396 2231 reticorum
415 2153 663 2244 denotandum,
678 2164 748 2226 n'on
766 2164 968 2252 usurpatum
986 2175 1065 2225 esse.
1097 2150 1295 2226 Mirandum
1310 2155 1417 2256 igitur
1436 2168 1586 2248 nonest,
1605 2180 1714 2258 neque
1735 2159 1827 2257 apud

221 2335 413 2402 annuunt,
434 2337 542 2410 neque
561 2309 653 2410 apud
669 2309 754 2382 alios
770 2311 969 2411 scriptores,
990 2307 1057 2382 hoc
1073 2333 1163 2381 anno
1184 2309 1409 2410 antiquiores,
1430 2324 1600 2413 quotquot
1613 2310 1657 2385 ad
1672 2314 1826 2387 refutan-

222 2469 285 2540 dos
316 2464 514 2538 Hometicos
543 2464 756 2563 scripserint,
793 2489 916 2537 nomen
945 2462 1031 2534 illud
1057 2488 1243 2539 occurrere.
1304 2467 1347 2538 In
1370 2467 1502 2565 primis
1531 2491 1760 2564 provocamus
1785 2469 1829 2542 ad

222 2640 468 2706 numanum,
501 2619 561 2717 qui
593 2616 732 2718 longam
768 2616 906 2716 quidem
934 2616 1189 2689 Haereticorum
1223 2616 1342 2689 seriem
1371 2619 1557 2719 proponit,
1598 2618 1826 2716 ignorantiam

224 2799 320 2848 suam
347 2785 382 2845 et
405 2785 579 2872 stuporem
601 2770 767 2873 prodens,
792 2769 886 2871 quod
906 2784 1062 2869 tempora
1086 2769 1281 2862 confundit,
1304 2772 1442 2847 eosdem
1465 2773 1519 2844 his
1540 2773 1692 2864 inducit,
1721 2788 1826 2850 secus

225 2943 348 3002 emere
371 2926 488 3029 fingit3
514 2925 572 2999 sod
591 2927 663 3027 ipse
684 2950 821 3027 quoque
839 2924 1032 3027 Albigenses
1054 2927 1292 3025 praetermittit
1315 2928 1448 3001 silentio
1458 2926 1532 3029 (3)
1557 2930 1604 3002 Et
1623 2929 1673 3002 sic
1690 2953 1827 3030 quoque

223 3081 459 3182 intelligimus,
482 3107 544 3154 cur
559 3104 709 3156 annuns
728 3079 934 3172 Monoolnrs,
950 3081 1197 3181 expeditionem
1219 3083 1381 3160 adversus
1404 3082 1594 3182 Attum
1612 3097 1827 3177 narraturus,

224 3261 344 3313 rocem
357 3234 590 3334 explicandam
604 3260 674 3308 esse
691 3233 901 3334 judicaverit.
937 3236 1041 3330 Quod
1053 3252 1166 3314 autem
1182 3261 1480 3316 sonnoaomns
1494 3237 1554 3339 (la)
1569 3264 1648 3312 eum
1661 3240 1827 3316 dicentem

224 3392 318 3483 iecit,
339 3415 428 3464 anno
445 3390 585 3465 demum
599 3390 797 3466 MCCVIII-
812 3416 935 3466 nomen
953 3393 1182 3496 Albigensinm
1199 3394 1355 3494 usurpari
1376 3392 1556 3494 incepisse,
1579 3405 1697 3467 auctor
1713 3419 1828 3473 revera

226 3572 294 3620 non
313 3547 409 3622 dixit.
433 3548 487 3620 En
503 3545 608 3622 verbu
621 3548 712 3644 ejus:
734 3547 838 3622 seiont
857 3550 917 3650 qui
933 3550 1048 3626 lecturi
1060 3559 1151 3643 utut,
1173 3551 1270 3653 queo,
1291 3549 1487 3654 inplunbus
1504 3548 1600 3650 liujus
1615 3549 1721 3650 operit
1733 3550 1829 3645 loor's,

110 3712 116 3722 '
229 3700 408 3777 lelosorti
424 3709 455 3774 ct
471 3699 613 3775 utrorum
630 3701 795 3778 dumam
814 3712 845 3778 et
865 3713 1048 3782 cotronam
1060 3706 1235 3781 Haeretici
1252 3712 1283 3781 ct
1303 3705 1486 3804 deferuoros
1505 3731 1617 3780 eonem
1631 3706 1827 3807 generatim

313 3951 380 3999 nuit.
417 3948 467 3999 Sed
485 3964 546 3999 nam
565 3947 696 4014 probabile
719 3952 775 4010 eat,
801 3966 889 4003 rocem
914 3954 998 4003 minna
1023 3953 1141 4003 usitatam
1151 3951 1220 4012 ,'·sb
1248 3952 1353 4002 suntme
1380 3965 1427 4018 pro
1452 3950 1558 4001 maxime
1577 3950 1675 4014 vulgari
1699 3951 1834 4015 scriptam,

314 4043 360 4087 aut
369 4054 384 4086 a
393 4038 501 4088 librariis
510 4054 556 4104 pro
567 4055 597 4089 es
606 4038 772 4090 substitutam
781 4046 856 4094 esse?
880 4044 998 4094 Ceterum
1006 4042 1049 4093 bio
1059 4045 1160 4093 omnino
1170 4045 1340 4109 Ayeasssesa
1348 4042 1479 4093 memorari
1488 4040 1602 4106 potuisse
1612 4030 1624 4104 ς’
1636 4040 1663 4091 b.
1675 4038 1833 4104 probabitur.

253 4126 293 4193 (1)
312 4125 343 4178 L.
366 4142 390 4177 a.
410 4143 436 4191 p.
458 4126 517 4178 181.
554 4128 741 4181 Boltssdirtss
763 4131 831 4198 apud
855 4147 964 4184 assarna
989 4133 1008 4184 t.
1031 4148 1054 4184 c.
1079 4149 1105 4201 p.
1132 4132 1193 4186 755.
1219 4133 1359 4183 insolenter
1382 4131 1539 4198 scripserunt
1565 4136 1659 4180 eostre
1684 4130 1837 4181 decretione

318 4216 514 4281 Albe’pissorasa.
1227 4235 1228 4238 ¹

255 4305 766 4374 (2)71(1ειιιιι1.σ.ρ.758,754.
803 4313 1011 4364 commemoratio
1033 4312 1142 4364 nominis
1168 4305 1351 4379 Attiqss'sisne
1375 4312 1403 4361 in
1425 4308 1608 4363 Mimante
1628 4310 1665 4361 sd
1684 4309 1834 4362 Catilinas

317 4397 499 4448 lateranense
517 4396 567 4447 111.
588 4413 615 4463 p.
632 4397 694 4450 2⁴2.
715 4404 742 4452 et
758 4401 825 4469 spnd
843 4418 938 4456 asara.
960 4419 1040 4454 rsus.
1061 4419 1088 4469 p.
1108 4401 1167 4459 187.
1185 4404 1312 4457 neminem
1331 4400 1487 4464 morabitur,
1505 4401 1552 4467 qui
1568 4400 1708 4455 attenderit
1723 4402 1833 4454 mimam

316 4486 349 4538 ad
366 4502 412 4547 ea,
431 4500 497 4548 quae
514 4484 697 4553 disputavimus
713 4490 774 4560 cap.
793 4491 848 4561 [μς
866 4493 894 4546 5.
912 4508 940 4561 p.
960 4491 1008 4555 18,
1030 4491 1072 4547 19.

253 4577 296 4646 (5)
312 4581 374 4646 Cap.
391 4578 437 4630 116.
456 4578 475 4630 l.
495 4594 519 4629 e.
538 4594 565 4644 p.
587 4576 654 4632 1575
670 4596 728 4648 sqq.

257 4668 300 4738 (t)
317 4668 348 4724 5.
368 4685 391 4722 e.
409 4685 436 4738 p.
455 4666 524 4734 570,
542 4666 605 4724 571.
