4568 6218
1109 438 1206 525 116·

345 746 504 820 sucereta
532 737 754 841 Philosophia
782 758 871 833 ruga
894 744 929 806 et
950 730 1103 822 lubrica,
1136 754 1240 830 quam
1266 727 1411 829 quisque
1440 729 1482 805 ad
1512 731 1634 805 mentis
1662 758 1742 807 suae
1769 734 1952 810 arbitrium

346 902 631 998 interpretaretur.
680 896 915 968 &suenrus
942 886 1125 977 cataros,
1147 885 1309 963 adversas
1328 909 1418 984 quos
1439 884 1606 986 disputat,
1627 888 1735 963 multa
1755 903 1870 963 monet
1885 889 1952 962 ha·

342 1056 422 1129 bere
445 1053 633 1154 permixta,
657 1063 691 1123 et
719 1074 737 1120 a
762 1045 914 1120 doctrina
940 1041 1096 1140 magistri
1124 1066 1267 1130 eorum,
1291 1060 1480 1133 martura,
1508 1041 1635 1135 aliena,
1656 1066 1796 1144 'eosque
1819 1044 1951 1121 divisos

309 1282 315 1297 ,
343 1212 432 1284 inter
465 1234 500 1282 se
521 1233 615 1298 esse,
647 1204 728 1305 quia
750 1199 914 1276 nonnulla
937 1197 981 1271 ab
1004 1195 1079 1269 aliis
1099 1207 1349 1287 assererentur,
1373 1195 1417 1268 ab
1443 1195 1517 1269 aliis
1543 1211 1708 1298 negentur
1731 1200 1804 1300 (1).
1826 1282 1829 1288 ¹
1853 1203 1966 1281 Rau,

343 1389 439 1441 nuru
469 1360 642 1462 diligentia
669 1358 779 1437 varies
801 1352 941 1458 quidem
968 1351 1093 1425 lrorum
1119 1351 1374 1425 Haereticomm
1399 1352 1623 1428 dissensiones
1644 1359 1952 1447 commemorarit,

343 1519 484 1593 atsutia
517 1540 679 1615 magnam
712 1526 822 1585 tamen
854 1506 1095 1581 obscuritatem
1125 1506 1274 1607 reliquit.
1332 1511 1514 1599 nanus,
1549 1533 1848 1586 anmanosunus
1883 1537 1948 1586 nos

342 1672 460 1748 itidem
498 1673 533 1744 in
572 1669 661 1744 luto.
682 1666 816 1740 haerere
854 1664 988 1753 sinunt,
1019 1687 1109 1737 nunc
1134 1661 1320 1763 generatim
1348 1660 1546 1737 Haereticos
1568 1664 1771 1758 refellendo,
1794 1692 1885 1740 nuuc
1903 1667 1947 1741 dc

343 1828 417 1900 aliis
442 1824 582 1926 aliisque
610 1820 793 1922 loquendo.
844 1819 997 1892 Tantum
1023 1816 1162 1916 quidem
1190 1815 1396 1891 difficultatis
1424 1843 1492 1890 non
1521 1819 1664 1922 impedit
1690 1820 1871 1919 judicium,
1905 1821 1948 1894 de

345 1980 561 2055 Voldenss'bus
590 1975 786 2067 ferendum;
821 1972 877 2046 sed
900 1986 934 2044 et
957 1970 1013 2045 hic
1035 1984 1148 2044 tamen
1173 1973 1244 2044 sine
1278 1973 1432 2045 cautione
1454 1972 1622 2072 agendum
1649 1989 1806 2080 nonest.
1856 1976 1946 2053 Nam

340 2139 388 2209 uti
412 2135 512 2213 divisi
531 2134 668 2204 fuerunt
689 2131 725 2202 in
745 2126 919 2227 Pouperes
945 2125 1112 2227 Lugduni
1127 2140 1162 2199 et
1180 2125 1354 2226 Paupcres
1369 2127 1575 2219 Lonsberdi,
1597 2130 1643 2203 ita
1666 2131 1761 2202 omni
1788 2144 1945 2232 tempore

338 2292 438 2391 plane
472 2289 587 2363 eadem
625 2311 695 2358 non
729 2296 903 2359 senserunt
917 2283 989 2383 (2).
1038 2283 1156 2382 Neque
1189 2309 1378 2361 asseverare
1405 2286 1534 2376 ausim,
1566 2285 1735 2359 neminem
1757 2312 1877 2359 eorum
1901 2288 1946 2360 ad

338 2448 467 2549 placita
504 2443 728 2522 catharorum
756 2440 811 2518 rel
842 2408 877 2513 et
906 2437 1072 2513 homiuum
1099 2438 1324 2540 intellegendae
1339 2441 1398 2541 (3)
1431 2440 1621 2517 descivisse.
1671 2443 1767 2533 Quae
1793 2467 1873 2515 cum
1897 2442 1945 2515 ita

341 2605 432 2695 sint,
465 2625 598 2675 necesse
626 2623 717 2673 nune
744 2611 816 2690 est,
846 2597 959 2670 missis
996 2594 1206 2694 singularum
1242 2608 1407 2669 sectarum
1437 2598 1631 2698 partiumve
1668 2597 1865 2691 sententiis,
1901 2596 1943 2670 de

336 2734 376 2831 eo
411 2771 547 2832 tantum
580 2756 713 2847 dicere,
749 2752 842 2855 quod
876 2764 909 2825 et
948 2748 1125 2823 Vuldeuses
1159 2762 1193 2823 et
1219 2748 1432 2853 Albrgenses,
1465 2765 1630 2855 quatenus
1661 2751 1802 2828 Callani
1822 2766 1942 2842 erant,

337 2926 535 2989 statuerunt.

392 3064 569 3139 Valdetues
592 3066 664 3144 reri
699 3063 868 3152 nominis,
902 3063 963 3162 qui
990 3062 1120 3136 Literas
1148 3062 1268 3135 Sacras
1292 3063 1424 3136 Veteris
1450 3076 1485 3136 et
1511 3063 1603 3141 Nori
1628 3065 1835 3138 Testamenti
1859 3063 1945 3136 reli-

338 3223 432 3322 giose
467 3232 711 3323 sequerentur,
747 3246 854 3293 unum
882 3220 994 3294 Deum
1023 3218 1166 3291 coluisse
1194 3243 1411 3317 supremum,
1437 3218 1593 3291 omnium
1615 3244 1729 3292 rerum
1750 3231 1966 3308 auctorem,.

336 3378 384 3448 uti
426 3401 526 3476 supra
560 3378 630 3473 jam
668 3375 885 3464 monuimus,
922 3375 968 3446 ita
996 3375 1174 3448 neminem·
1192 3375 1265 3448 sose
1288 3373 1461 3463 arbitror,
1485 3376 1546 3474 qui
1566 3375 1749 3475 negaverit.
1802 3373 1951 3450 calderi.

366 3741 405 3806 (1)
423 3741 455 3793 L.
476 3757 498 3792 c.
518 3757 544 3806 p.
564 3737 624 3789 602.

366 3832 405 3898 (2)
423 3833 512 3881 Arsrx.
539 3847 564 3894 p.
587 3827 639 3878 m
662 3842 719 3890 sqq.
746 3830 835 3876 oontrs
858 3842 997 3878 sossurrus
1017 3828 1130 3895 disputet
1149 3827 1184 3878 sd
1198 3828 1372 3893 probandum,
1404 3829 1544 3881 ratdenm
1569 3831 1664 3899 sejam
1684 3829 1729 3879 diu
1751 3832 1810 3879 sate
1836 3827 1947 3879 Vaiduns

428 3921 556 3970 Ecclesiae
576 3920 702 3968 Romanae
724 3916 847 3967 doctrinis
873 3919 1035 3983 opposuisse,
1060 3918 1104 3970 sed
1127 3919 1193 3968 levis
1216 3924 1277 3969 sunt
1298 3921 1355 3985 ejus
1378 3925 1526 3985 arguments
1550 3928 1578 3969 et
1597 3921 1652 3985 jsm
1671 3921 1782 3970 refutata
1808 3920 1853 3978 iis,
1879 3934 1947 3982 quse
1980 3904 1989 3911 ⁵

428 4011 535 4063 diximus
552 4025 627 4075 supro
639 4025 665 4074 p.
687 4006 722 4057 58
742 4022 800 4071 sqq.
838 4005 875 4058 lie
898 4009 941 4058 cui
965 4013 1051 4060 sutem
1073 4009 1130 4059 locs
1155 4025 1228 4061 rsrrr
1252 4010 1394 4069 Messeni,
1422 4026 1497 4076 supra
1525 4010 1652 4076 descripta
1678 4009 1817 4061 molestiam
1841 4015 1945 4067 oreent,

428 4100 581 4150 monendum
600 4099 716 4159 videtur,
742 4099 834 4149 rerba:
862 4105 984 4164 oportet,
1006 4107 1037 4149 sst
1058 4102 1202 4150 renuncies
1223 4102 1273 4149 tots·
1291 4102 1377 4165 fidei,
1403 4117 1483 4166 quasis
1502 4107 1572 4150 tenet
1592 4099 1713 4149 Romana
1734 4099 1868 4158 Ecclesia,
1895 4115 1946 4147 non

427 4191 553 4241 doctrines
576 4190 654 4254 hujus
679 4191 824 4250 Ecclesiae,
852 4189 896 4239 sed
917 4191 1096 4240 auotoritstem
1113 4194 1244 4255 saeuisse,
1271 4206 1347 4253 quarn
1366 4208 1396 4240 ea
1413 4191 1461 4240 sibi
1485 4191 1654 4254 srrogsrerit;
1680 4190 1720 4239 sel
1741 4191 1891 4254 snriptoreru
1912 4189 1952 4257 itm¹

426 4282 497 4341 lum,
524 4297 582 4331 cum
601 4280 650 4329 hoo
670 4279 702 4330 de
723 4279 874 4331 Iloerets‘cs's
899 4285 998 4330 tantum
1023 4285 1083 4330 sate
1107 4282 1204 4331 notatis
1222 4281 1307 4332 dicere
1327 4284 1421 4344 nollet,
1448 4287 1559 4337 menum
1583 4284 1643 4332 satis
1667 4281 1774 4332 obscure
1799 4281 1946 4347 explicasse.

426 4371 466 4421 st
482 4386 619 4421 sossusrur
638 4370 704 4420 insrs
721 4374 886 4423 revertemur.
1413 4370 1418 4377 ”

364 4462 403 4527 (3)
419 4461 488 4525 Quae
507 4477 582 4526 supro
602 4477 628 4525 p.
648 4460 692 4511 51.
713 4459 822 4510 vidimus
840 4477 981 4511 srrsrsruu
1001 4463 1034 4511 ds
1054 4461 1175 4511 Burdons
1199 4461 1372 4511 Veldessrs'bsss
1390 4462 1531 4527 objecisse,
1551 4461 1640 4511 similia
1659 4464 1719 4509 sunt
1738 4460 1838 4526 placitis
1858 4459 1947 4508 horsi·

425 4566 491 4599 ssuss
510 4551 717 4614 intelligentiae.
754 4550 802 4599 Sed
825 4549 965 4600 Veldessses
982 4553 1033 4601 reri
1051 4552 1158 4600 nominis
1175 4552 1316 4616 principio,
1336 4568 1388 4616 quo
1408 4552 1502 4618 placita
1520 4567 1608 4602 eorum
1627 4552 1752 4600 instructu
1770 4553 1858 4608 erant,
1877 4548 1950 4608 haud·

426 4639 502 4690 dubie
519 4639 634 4707 impediti
650 4644 729 4701 sunt,
752 4655 804 4703 quo
820 4641 907 4692 minus
920 4656 978 4691 eum
995 4640 1046 4691 illis
1063 4642 1215 4693 societatem
1229 4641 1332 4692 inirent.
1361 4642 1535 4695 euarestus
1551 4641 1570 4694 l.
1593 4656 1616 4692 e.
1634 4656 1661 4708 p.
1679 4639 1731 4691 eat
1746 4644 1773 4689 et
1789 4638 1840 4689 626
1858 4652 1920 4701 1th.
