4642 6224
1020 464 1077 551 99

250 762 365 836 clocas
390 757 643 851 damnaverint5
668 754 748 828 satis
771 763 901 826 certum
923 739 1001 847 est,
1019 779 1078 829 eos
1100 754 1264 854 paulatim
1286 755 1330 831 de
1352 754 1485 858 placitis
1509 758 1646 836 illomm
1668 761 1845 866 benignius

249 915 433 1014 judicasse,
467 936 642 1012 unumque
673 921 708 983 ot
737 906 881 982 alterum
912 909 1052 982 omnino
1081 911 1243 1012 probasse
1267 911 1341 1011 (1)
1390 913 1471 986 Jam
1500 915 1625 989 sensim
1656 919 1844 1020 sensimque

248 1099 287 1146 ex
316 1071 455 1146 Oriente
481 1064 664 1142 nonnullos
686 1065 810 1139 borum
838 1064 1017 1140 bominum
1043 1091 1103 1168 per
1131 1068 1243 1142 varias
1271 1067 1366 1161 vias,
1394 1070 1540 1143 maxime
1563 1095 1625 1170 per
1648 1095 1741 1144 mare
1765 1075 1844 1148 Me-

248 1224 473 1300 diterraneum
485 1275 496 1315 ,
530 1225 566 1294 in
594 1219 812 1296 Occidentem
845 1220 997 1311 venisse,
1030 1220 1145 1320 ibique
1182 1224 1311 1296 senuna
1347 1209 1549 1324 opinionum
1581 1249 1719 1298 suarum
1752 1225 1843 1300 haud

250 1381 321 1454 sine
347 1378 436 1453 felici
464 1403 617 1452 successu
645 1376 826 1476 sparsisse,
859 1374 1052 1474 colligimus
1078 1374 1176 1469 inde,
1201 1376 1294 1477 quod
1322 1379 1402 1480 plus
1430 1405 1495 1453 una
1522 1380 1560 1453 in
1587 1380 1744 1482 regione,
1770 1385 1843 1457 Ec-

249 1534 366 1610 clesiae
385 1537 560 1609 Romanae
582 1529 733 1622 subdito,
758 1528 850 1603 baud
872 1528 960 1606 levia
980 1555 1099 1603 eorum
1124 1530 1266 1631 vestigia
1289 1533 1512 1634 reperiuntur.
1561 1534 1655 1610 Num
1678 1548 1755 1609 ante
1779 1562 1842 1610 an-

249 1716 332 1764 num
358 1689 575 1764 millesimum
610 1689 682 1786 jam
715 1683 904 1759 clanculum
934 1684 1152 1786 irrepserint,
1187 1698 1226 1759 ut
1252 1688 1440 1789 suspicatur
1473 1712 1626 1764 sennan)
1655 1690 1737 1791 (2),
1769 1690 1843 1764 dis-
1908 1714 1911 1719 ·

249 1847 363 1945 putari
396 1856 530 1947 potest,
562 1867 642 1917 cum
673 1842 772 1916 certis
804 1864 978 1914 careamus
1007 1841 1219 1918 testimoniis.
1268 1842 1336 1917 Sed
1368 1868 1427 1916 eos
1459 1843 1564 1945 paulo
1596 1858 1676 1945 post
1707 1846 1844 1920 initium

249 1998 351 2073 saculi
372 2000 428 2072 XI
443 1999 479 2070 in
493 1995 674 2072 Occidente
691 1997 783 2074 visos
797 2019 885 2086 esse,
909 1993 979 2066 sine
993 1995 1154 2096 scrupulo
1169 2007 1313 2069 statuere
1326 2021 1518 2098 possumus.
1555 2002 1655 2077 Anno
1670 2002 1843 2092 MXXII,

248 2163 287 2225 nt
314 2150 419 2254 vulgo
445 2104 621 2251 cognitum¹
650 2161 721 2241 est,
755 2147 949 2240 Aureliani,
984 2147 1103 2221 eodem
1129 2149 1198 2224 fere
1224 2162 1377 2251 tempore
1405 2152 1545 2228 Tolosae
1571 2168 1606 2229 ct
1633 2156 1668 2228 in
1694 2154 1843 2256 Aquila-

246 2306 303 2378 nia
325 2306 405 2407 (3),
443 2329 531 2378 anno
560 2303 707 2380 MXXV
741 2301 919 2394 Atrebalii,
952 2304 1102 2379 MXXX
1126 2304 1217 2404 apud
1256 2309 1445 2409 Augustam
1477 2309 1717 2403 Taurinorum,
1742 2309 1843 2386 Hae*

247 2459 341 2533 retici
358 2457 568 2558 prodierunt
621 2455 921 2546 Scunoncxfflns
944 2480 1005 2529 eos
1026 2456 1281 2532 Manichaeisms'
1300 2463 1400 2562 culpa
1423 2461 1566 2537 liberare
1597 2478 1738 2539 conatus
1771 2479 1842 2559 est,

246 2616 348 2714 hujus
371 2625 476 2687 sectae
499 2610 649 2686 scribens
671 2608 810 2685 asseclas
832 2609 958 2683 frustra
981 2623 1058 2684 ante
1081 2612 1232 2684 seculum
1246 2616 1322 2689 XII
1344 2615 1380 2687 in
1399 2614 1517 2707 Italia,
1542 2616 1655 2690 Gallia
1675 2632 1709 2692 et
1731 2619 1840 2694 Necr-

250 2769 360 2844 landsa
387 2768 502 2868 quaeri
530 2766 600 2868 (lt).
655 2769 701 2841 Et
733 2763 959 2841 Atrebatcnses
992 2773 1081 2840 oeite
1110 2766 1220 2843 lenius
1250 2792 1377 2842 errasse
1400 2793 1504 2869 mam
1535 2767 1641 2862 alios,
1664 2769 1843 2870 probabile

250 2924 392 3002 reddunt
411 2923 515 3002 verba
539 2921 683 2998 Concilii
703 2923 862 3000 adversus
881 2920 958 2994 illos
980 2921 1194 3022 congregati:
1218 2919 1324 2994 Hanc
1342 2920 1538 3015 Hacrcss‘m,
1550 2949 1635 3025 quae
1652 2923 1747 3000 hods'e
1762 2949 1844 3000 cou-

250 3089 304 3153 tra
329 3105 440 3153 ueram
467 3086 497 3152 el
522 3077 727 3153 Cattoticam
754 3075 939 3150 Ecclesiam
964 3076 1164 3181 conspirasse
1193 3075 1320 3150 inuenta
1346 3085 1409 3172 est,
1437 3103 1522 3179 quae
1547 3077 1689 3154 videlicel
1715 3079 1841 3185 Bapli-
1962 3116 1970 3131 =

250 3261 373 3325 munt,
390 3231 438 3305 acl
460 3230 650 3305 abluendam
672 3229 842 3333 ora'ginalis
866 3231 980 3336 culpae
997 3232 1157 3306 maculam
1175 3241 1205 3306 et
1222 3232 1364 3306 actualia
1382 3232 1517 3326 delictm
1536 3233 1617 3307 nila’l
1628 3233 1840 3337 parastatarum

250 3386 431 3475 caunum
465 3394 496 3459 et
520 3411 585 3491 per
616 3385 838 3487 poenitentiam
866 3388 1003 3492 peccata
1037 3414 1243 3490 nequaquam
1275 3414 1373 3491 posse
1404 3388 1556 3462 retaxare·
1582 3390 1777 3494 profitetur;
1811 3399 1841 3464 el

249 3570 333 3646 quae
365 3550 510 3655 sanctam
542 3541 615 3616 Dei
644 3538 846 3636 Ecclesiam,
879 3551 911 3616 et
949 3543 1198 3619 Sucrosanctum
1224 3544 1348 3638 altars,
1381 3552 1479 3647 alque
1512 3545 1667 3619 dominici
1691 3544 1840 3646 conparis

248 3699 475 3802 etsanguinsb
507 3698 772 3792 Sacramentum,
804 3697 884 3772 mlil
915 3725 980 3774 esse
1013 3700 1122 3792 aliud,
1158 3699 1223 3773 nisi
1249 3699 1342 3799 quod
1363 3698 1528 3799 corporeis
1552 3697 1653 3772 oculs
1680 3697 1839 3791 intuetur,

277 4035 318 4102 (1)
334 4036 438 4086 Grrsor.
454 4032 474 4085 1.
494 4048 516 4082 c.
533 4049 560 4100 p.
578 4032 645 4093 155,
662 4030 728 4091 158,
745 4030 804 4082 159.
838 4030 970 4083 annun.
988 4029 1019 4082 11.
1036 4047 1072 4083 cc.
1088 4034 1116 4083 st
1129 4033 1159 4083 Ρ.
1176 4031 1199 4082 1.
1214 4047 1242 4098 p.
1256 4029 1288 4080 12
1297 4043 1354 4094 sqq.
1365 4029 1413 4081 cff.
1425 4043 1491 4094 quse
1500 4027 1607 4079 diximus
1616 4043 1690 4096 snpra
1699 4044 1726 4096 p.
1737 4027 1788 4092 ³⁴,
1799 4030 1843 4082 55.

277 4125 319 4193 (2)
336 4124 367 4176 b.
388 4140 411 4173 a.
429 4139 455 4187 p.
474 4123 541 4181 390,
560 4122 622 4172 ast.

277 4216 318 4283 (3)
336 4217 483 4266 sennam.
505 4212 573 4261 lom.
586 4210 680 4264 mu.
692 4228 719 4277 p.
730 4211 781 4261 825
795 4216 822 4262 et
835 4211 896 4263 1127.
916 4209 1060 4262 Asssls'sus‘
1075 4210 1116 4269 bis
1129 4210 1282 4262 Bosssts'aos
1299 4207 1416 4258 detectos
1432 4224 1486 4258 esse
1501 4211 1604 4268 παπαί,
1623 4222 1689 4257 snno
1706 4210 1801 4261 fflll
1821 4218 1848 4264 et

338 4304 438 4355 mv.
476 4300 546 4351 ldesn
564 4301 670 4364 legimus
688 4300 754 4367 apud
773 4318 868 4353 scnsrn.
890 4319 916 4367 p.
936 4301 989 4352 392
1007 4306 1036 4351 et
1056 4300 1116 4352 414.
1152 4303 1263 4351 Itrccsss.
1286 4298 1393 4348 alterum
1411 4297 1444 4349 sd
1462 4313 1556 4348 annum
1578 4297 1666 4348 itidem
1681 4299 1785 4350 nvn.
1809 4303 1846 4351 sl-

341 4399 425 4445 serum
446 4391 589 4440 adsunam
611 4391 737 4443 mvn.
760 4392 818 4452 nel,
844 4396 874 4442 nt
891 4392 947 4441 sliis
967 4391 1101 4459 placebat,
1126 4391 1229 4442 mu.
1251 4389 1383 4441 retulerat.
1420 4388 1469 4440 sed
1486 4388 1595 4438 multum
1612 4389 1768 4440 confusionis
1787 4390 1848 4442 huic

342 4487 484 4547 temporum
501 4481 628 4530 notationi
642 4481 718 4532 inest.
736 4482 775 4533 Os.
791 4498 900 4544 rsrnrr,
920 4483 1037 4534 Bs'stss'rs
1052 4483 1269 4549 Ecclesiasticus.
1287 4479 1356 4531 Tam.
1376 4480 1433 4532 111.
1450 4496 1477 4547 p.
1488 4477 1540 4528 stt
1555 4494 1612 4544 sqq.
1649 4480 1780 4533 Gussnss.
1793 4482 1811 4533 l.
1825 4500 1846 4534 c.

340 4575 371 4624 Ρ.
389 4573 412 4623 1.
431 4588 458 4637 p.
477 4567 538 4621 ³57.

280 4664 323 4732 (4)
339 4663 371 4717 l.
391 4678 414 4714 s.
432 4678 459 4729 p.
477 4659 540 4712 325.

1652 4784 1726 4859 13*
