4642 6224
1027 462 1187 589 “17

361 791 446 891 quin
468 788 511 862 de
531 798 685 863 veterum
715 781 925 856 Valdenss'am
951 779 1083 880 placitis
1111 778 1242 852 consuli
1267 789 1469 852 mercantur.
1520 778 1650 878 Utique
1671 778 1765 854 'nunc
1790 803 1861 854 non
1887 778 1961 854 dja.

363 957 503 1045 putatur
529 941 571 1015 de
598 953 772 1038 tempore,
804 963 872 1036 quo
900 936 983 1010 baec
1008 948 1097 1009 secta
1122 961 1156 1007 se
1182 932 1350 1009 Ecclesiae
1377 935 1551 1007 Romanae
1572 956 1747 1034 opponere
1774 935 1956 1034 inceperit,

229 1127 233 1135 ·
362 1097 421 1171 sed
456 1097 606 1196 quaestio
644 1107 775 1166 tantum
808 1093 941 1191 agitur,
971 1117 1016 1164 an
1043 1080 1109 1164 boo
1138 1114 1254 1166 revera
1280 1101 1452 1161 certamen
1481 1113 1561 1161 cum
1586 1087 1648 1178 iis,
1679 1089 1740 1187 qui
1769 1087 1958 1190 Auum

363 1262 623 1350 nuncupantur,
644 1247 802 1322 babuen't
819 1272 1012 1322 commune.
1062 1245 1166 1338 Quod
1185 1259 1224 1318 ut
1245 1245 1431 1334 efficerem,
1453 1243 1524 1343 ipse
1547 1268 1684 1344 quoque
1706 1243 1750 1316 ad
1769 1246 1960 1318 testimonia

361 1419 432 1478 tam
464 1403 586 1476 decimi
615 1403 707 1475 tertii
735 1399 857 1494 seculi,
891 1365 995 1500 quam
1032 1399 1238 1500 antiquiora
1257 1424 1447 1499 provocare
1479 1425 1547 1473 non
1575 1398 1741 1476 dubitavi.
1800 1400 1958 1475 Ceterum
1987 1480 1990 1486 ,

364 1557 541 1631 Valdenser
573 1557 662 1631 banc
694 1556 860 1629 rationem
891 1554 1087 1657 disputandi
1113 1556 1226 1628 iniisse
1254 1580 1355 1628 nemo
1385 1554 1525 1657 quidem
1550 1554 1759 1654 intelligens,
1792 1568 1957 1654 quantum

359 1714 450 1802 scio,
483 1711 642 1812 negavit3
677 1709 734 1783 sed
765 1708 831 1783 bac
862 1709 904 1784 de
938 1735 975 1782 re
1004 1710 1090 1784 mibi
1120 1709 1224 1810 paulo
1252 1709 1456 1807 enucleatius
1487 1709 1657 1810 agendum
1676 1709 1886 1806 ridebatur,
1913 1725 1957 1784 ut

359 1890 596 1966 praepararem
621 1890 707 1964 quae
730 1865 816 1937 infra
841 1862 1017 1963 probanda
1041 1875 1152 1938 erunt

1102 2165 1219 2299 aa.

396 2486 664 2571 Valdensium
691 2495 802 2567 secta
828 2483 880 2568 ab
907 2485 988 2586 iis,
1018 2485 1095 2596 qui
1112 2483 1360 2597 Albipenaes
1380 2486 1603 2591 dictantur,
1630 2484 1923 2577 discernendo.

405 2800 572 2895 Quamvis
595 2810 667 2871 tam
690 2798 882 2870 communis
906 2794 1120 2870 Valdensabas
1143 2798 1255 2889 otiis,
1280 2798 1341 2898 qui
1361 2797 1552 2900 Adigemes
1574 2800 1749 2893 dicuntur,
1773 2826 1956 2903 oppugna-

358 2959 406 3030 tio
431 2955 497 3028 fuit
522 2951 693 3028 Ecclesiae
721 2954 918 3047 Romanae;
952 2964 1041 3026 mota
1071 2966 1183 3027 umen
1210 2953 1270 3025 illa
1296 2953 1341 3026 ab
1368 2953 1422 3028 his
1450 2954 1667 3031 discernenda
1691 2970 1754 3034 cst.
1802 2959 1958 3032 Necessi-

358 3110 442 3184 tudo
468 3111 584 3201 enim,
608 3110 706 3208 cujus
733 3120 897 3211 tanquam
923 3106 1063 3184 vinculo
1094 3107 1410 3207 conjungebantur,
1442 3109 1540 3185 unioe
1572 3113 1737 3212 spectavit
1765 3125 1954 3206 certamen,

359 3222 454 3366 guod
480 3290 561 3339 cum
588 3262 828 3338 Sacerdotibus
852 3275 887 3336 et
913 3262 1092 3338 Monacbis
1117 3263 1286 3362 agendum
1312 3278 1404 3340 erat:
1434 3277 1584 3340 ceterum
1606 3292 1710 3358 vero,
1742 3267 1856 3369 quoad
1878 3294 1958 3344 sen—
1993 3257 1996 3261 ⁵

358 3417 464 3492 tiendi
491 3432 527 3491 et
548 3415 687 3496 vivendi
715 3418 901 3511 rationem,
925 3419 960 3492 in
990 3432 1104 3522 partes
1131 3420 1287 3495 abierunt
1313 3420 1569 3500 diversissimas,
1618 3421 1732 3523 Hujus
1752 3421 1956 3500 diversitatis
2065 3481 2073 3496 .

307 3538 311 3544 ⁴
357 3545 562 3674 imaginem,
587 3597 796 3676 quamquam
819 3549 1071 3670 obscuriorem,
1096 3578 1196 3652 nobis
1218 3577 1368 3653 referunt
1387 3577 1639 3651 instaurationis
1662 3576 1845 3652 Sacrorum
1865 3593 1957 3656 tem-

357 3756 462 3832 pora,
491 3731 619 3832 quibus
642 3754 873 3824 porussos,
904 3755 1125 3824 ctmvruus,
1156 3756 1313 3808 somnus
1340 3758 1527 3833 eorumque
1552 3732 1725 3834 adjutores
1752 3744 1787 3806 et
1809 3747 1956 3808 sectato-

357 3912 433 3980 res,
455 3911 588 3960 errores
613 3885 782 3962 Ecclesiae
805 3891 978 3963 Romanae
1001 3890 1129 3990 pariter
1157 3888 1309 3989 aggressi
1336 3900 1436 3979 sunt,
1466 3900 1501 3961 et
1525 3887 1642 3960 multis
1664 3899 1777 3961 tamen
1804 3888 1957 3961 nomini-

355 4040 421 4113 bus
447 4041 534 4114 inter
559 4066 595 4114 se
617 4040 660 4114 de
685 4042 848 4144 religione
873 4043 1118 4144 discrepatunt.
1178 4042 1475 4139 Quemadmodum
1504 4054 1615 4115 sutem
1638 4039 1676 4113 bi
1701 4041 1768 4119 viri
1794 4066 1956 4114 commu-

356 4193 495 4268 nionem
525 4218 621 4267 suam
650 4194 718 4270 luci
744 4197 953 4292 debuerunt,
983 4225 1070 4300 quae
1093 4199 1258 4278 divinitus
1286 4201 1328 4274 iis
1356 4197 1541 4298 effulgebat
1566 4209 1602 4270 et
1628 4196 1821 4295 perspicuas
1849 4196 1955 4271 sacie-

318 4320 321 4326 ¹
356 4347 418 4422 bat
440 4345 575 4425 fraudes
596 4360 631 4420 et
658 4353 930 4451 superstitiones,
954 4355 1080 4455 quibus
1103 4356 1245 4430 societas
1267 4353 1460 4430 Christiana
1487 4350 1571 4426 adeo
1593 4350 1777 4453 depravata
1799 4364 1892 4458 erat,
1916 4365 1955 4424 ut

357 4502 530 4576 doctrinae
563 4503 719 4602 antiquae
751 4507 813 4584 vix
848 4524 1059 4611 superessent
1089 4512 1254 4612 vestigia3
1288 4511 1336 4584 sie
1369 4509 1482 4583 medio
1515 4531 1651 4607 quoque
1684 4530 1768 4581 aevo
1801 4503 1954 4579 homines

358 4655 573 4734 vehementer
586 4657 683 4756 inter
706 4683 742 4733 se
768 4659 998 4741 dissentiemss
1020 4665 1064 4740 ad
1090 4663 1212 4741 manus
1236 4664 1423 4766 jungendas
1447 4662 1600 4740 incitavit
1620 4662 1680 4736 tax
1704 4659 1797 4750 reri,
1819 4683 1882 4759 per
1899 4670 1954 4732 te-

1809 4813 1833 4887 3
