4642 6224
1129 491 1185 576 59

357 788 420 888 qui
456 785 545 859 libro
575 787 595 858 I
624 784 832 872 refrrtantur,
869 790 1094 879 repugnantes
1121 778 1252 853 inducit
1275 777 1437 856 adversus
1462 805 1503 854 ea
1515 832 1526 871 ,
1561 770 1647 880 quie
1675 782 1783 881 vulgo
1810 783 1852 856 de
1879 783 1958 858 Ba·

356 942 493 1042 ptismo,
522 937 909 1031 Tronssubstantratione,
934 935 1208 1032 Confirmatione,
1231 934 1387 1010 Unctione
1410 934 1652 1028 credebantur,
1679 935 1856 1011 Vadene
1875 965 1958 1017 vero

358 1123 430 1172 non
447 1098 541 1173 item.
590 1098 704 1169 Immo
724 1094 767 1167 ad
786 1092 849 1166 hos
868 1092 1118 1191 redarguendos
1141 1105 1388 1193 transgressus,
1412 1090 1498 1165 nihil
1520 1090 1612 1163 eliud
1635 1091 1678 1165 iis
1697 1091 1833 1189 objicit,
1852 1119 1956 1195 φιοω

363 1253 539 1353 opiniones
566 1249 667 1322 fabas
691 1247 853 1350 quidem,
877 1247 935 1321 sed
963 1247 1136 1348 religionis
1159 1249 1280 1348 Capita
1303 1248 1415 1319 minus
1438 1259 1634 1345 spectantes.
1683 1248 1727 1322 Iu
1752 1247 1959 1322 contrariam

358 1418 491 1504 partem
511 1404 599 1476 forte
624 1403 860 1478 excitabuntur
879 1403 1060 1498 nonnulla,
1086 1431 1172 1503 quae
1196 1405 1344 1477 continet
1372 1414 1532 1476 uectatus
1554 1423 1763 1477 osannam
1786 1401 1827 1476 de
1853 1401 1961 1476 Fonte

360 1557 499 1650 Calido,
528 1561 662 1633 circiter
685 1584 811 1632 annum
840 1560 979 1634 MCXC
1005 1561 1160 1658 scriptus.
1211 1559 1267 1632 lbi
1295 1583 1375 1631 sane
1400 1557 1513 1657 prima
1537 1555 1648 1628 fronte
1675 1555 1853 1630 Valdenscs
1876 1582 1960 1656 gra-

357 1712 466 1788 vioris
488 1713 672 1811 impietatis
691 1714 841 1787 accusari
864 1713 1031 1790 videntur.
1076 1715 1244 1806 Quamvis
1265 1714 1356 1787 enirn
1378 1711 1460 1785 libri
1484 1711 1622 1786 titulum
1647 1719 1762 1785 contra
1791 1709 1955 1785 Vettones

359 1872 525 1939 aeonae
544 1866 694 1940 Arianos
719 1881 807 1942 recte
833 1871 904 1965 janr
932 1868 1126 1942 Ricchinius
1141 1869 1200 1967 (1)
1225 1869 1271 1940 ita
1294 1867 1535 1967 corrigendum
1562 1891 1634 1939 esse
1658 1866 1765 1957 vidit,
1788 1879 1827 1939 ut
1850 1864 1960 1939 Aria·

360 2009 477 2094 riorum
499 2038 637 2118 nourenj
650 2021 835 2116 deleretur,
865 2022 1012 2095 dubitari
1040 2034 1151 2097 nmen
1176 2022 1314 2122 nequit,
1344 2021 1429 2119 quin
1456 2018 1634 2094 Volaenes
1658 2023 1695 2093 in
1722 2044 1764 2092 eo
1790 2030 1959 2092 notentur.

358 2175 427 2249 Sed
462 2175 517 2252 vel
554 2178 602 2249 sic
633 2175 772 2276 quidem
800 2179 836 2250 in
865 2177 967 2252 titulo
1001 2189 1074 2269 est,
1109 2177 1203 2277 quod
1230 2180 1304 2276 jure
1332 2176 1614 2277 reprehendatur:
1649 2175 1817 2276 siquidem
1846 2187 1964 2286 auctor

358 2331 435 2404 aliis
458 2357 493 2405 se
512 2330 700 2404 Haeretieis
722 2358 826 2432 aeque
844 2358 884 2407 ac
906 2332 1120 2406 Vatdenetns
1139 2334 1303 2434 opponit3
1327 2345 1367 2406 ut
1387 2334 1460 2434 ipse
1478 2333 1560 2406 dicit
1579 2333 1615 2407 in
1634 2333 1861 2431 praefatione,
1886 2332 1964 2423 ubi,

361 2498 553 2558 memorato
581 2485 775 2587 colloquio,
812 2485 905 2584 quod
945 2499 1093 2560 recenter
1116 2513 1196 2560 cunr
1223 2485 1437 2559 Valdensrdns
1459 2486 1614 2561 habitum
1637 2501 1728 2579 eret,
1753 2489 1802 2561 sic
1826 2489 1961 2587 pergit:

364 2638 493 2731 Quibus
529 2647 637 2713 autern
667 2639 916 2714 nonanoeane
947 2640 997 2712 ael
1023 2639 1204 2714 rainadus
1233 2666 1327 2713 amm
1354 2641 1563 2714 assertionem
1590 2637 1813 2734 defenderent,
1847 2640 1964 2740 quidne

360 2795 406 2869 eis
438 2821 462 2868 a
489 2794 583 2868 nodas
616 2795 796 2870 Catholicis
831 2822 1020 2901 responsam
1051 2795 1113 2888 sit,
1146 2804 1205 2869 aut
1231 2795 1350 2898 quidus
1375 2795 1615 2896 scripturaram
1643 2792 1827 2868 testimonias
1855 2790 1962 2889 fidene

362 2955 525 3023 tueremur
553 2948 777 3041 Catirolicam,
796 2953 963 3054 praesenti
984 2951 1159 3025 intexanaas
1186 2951 1342 3054 opacata
1354 2978 1368 3040 ;
1392 2951 1527 3052 adjectis
1554 2949 1651 3023 etiam
1674 2947 1867 3050 quidusdam
1892 2948 1966 3021 aliis

361 3102 551 3178 tractandas
586 3112 701 3178 contra
737 3106 821 3180 alias
849 3107 1005 3185 tanna.
1056 3109 1291 3184 Gnnrzunus
1321 3106 1427 3209 igitur
1461 3104 1574 3179 denuo
1601 3104 1754 3204 peccavit
1781 3101 1965 3203 multisque

362 3258 448 3334 'viris
481 3258 590 3333 doctis
626 3261 821 3334 recentioris
851 3265 955 3338 etiam
986 3264 1171 3362 memoriae
1205 3264 1359 3339 fraudem
1396 3262 1598 3336 ferinam
1627 3259 1715 3333 liber
1734 3256 1967 3333 inscribendus

365 3413 429 3505 sit,
453 3421 568 3486 contra
593 3414 768 3490 Vaidenses
791 3425 822 3489 et
843 3418 926 3492 aiios
946 3419 1155 3497 Haereticos.
1176 3422 1281 3494 ·Jem
1304 3443 1387 3497 vero
1408 3416 1494 3491 locis
1525 3418 1613 3509 illis,
1647 3413 1842 3516 quaemihi
1864 3415 1967 3512 objici

365 3580 526 3665 possunt,
560 3569 633 3667 ipse
667 3594 904 3650 sendelenus
935 3576 1113 3679 perspicue
1138 3575 1305 3667 declaret,
1330 3601 1365 3649 se
1390 3576 1425 3647 in
1455 3586 1565 3649 mente
1590 3571 1745 3648 habuisse
1769 3569 1966 3644 Haereticos

364 3747 384 3793 a
419 3718 635 3797 Vaidensibns
659 3724 926 3826 distinguendos.
979 3729 1063 3803 Sunt
1090 3756 1190 3823 vero,
1223 3733 1291 3823 ait,
1319 3729 1495 3804 Haeretici
1519 3727 1679 3830 qnidam,
1713 3728 1772 3829 qni
1798 3735 1965 3814 assenant,
2033 3698 2038 3711 Δ

278 3957 281 3967 ,
367 3875 493 3950 anm
528 3902 551 3949 a
585 3904 684 3953 carne
721 3880 850 3954 solatas*
863 3883 1027 3996 ‘cannae
1056 3885 1229 3959 ascendere
1262 3887 1296 3958 in
1327 3887 1471 3978 coetum,
1494 3894 1553 3958 ant
1576 3885 1764 3980 descendam
1788 3883 1823 3957 ia
1848 3882 1968 3982 iry'erni

342 4029 573 4131 supplicium.
623 4033 757 4134 Negant
789 4035 873 4109 enim
909 4037 1014 4140 ἰςπετη
1036 4040 1259 4141 purgationis.
1283 4086 1334 4102 -
1354 4085 1404 4101 -
1430 4043 1515 4116 Sunt
1542 4068 1560 4116 e
1587 4048 1701 4116 conda
1728 4038 1809 4130 aiii,
1833 4037 1893 4138 qni
1912 4035 1968 4110 di-
1999 4111 2009 4124 ,

369 4191 469 4275 cunt,
502 4185 627 4258 aninas
654 4214 712 4262 nec
740 4193 886 4285 eoelum,
919 4220 976 4267 nec
1005 4193 1167 4294 infernam
1199 4197 1330 4298 ingredi
1354 4206 1428 4270 ante
1452 4195 1638 4298 judicium,
1671 4194 1729 4268 sed
1754 4191 1880 4265 anicios
1903 4193 1969 4293 ju·
2093 4186 2096 4193 ¹

368 4347 493 4414 storum
528 4339 670 4441 placidis
714 4347 871 4424 contineri
900 4353 1108 4457 receptandis
1119 4381 1133 4444 ;
1167 4354 1381 4457 reprobornm
1418 4379 1494 4429 aero
1532 4351 1667 4455 spiritns
1703 4350 1737 4424 in
1772 4349 1851 4425 locis
1875 4327 1968 4454 'poe-

582 4558 700 4568 ---—---
709 4562 746 4569 ...a
756 4564 761 4569 .

397 4685 437 4752 (ι)
456 4687 486 4739 a.
507 4703 529 4739 ο.
549 4703 575 4754 p:
595 4688 679 4740 xrrv.
