4642 6224
1030 436 1082 522 13

247 736 363 836 cipes,
395 700 598 808 clericerum
623 731 759 804 nomine
776 728 919 823 dictos,
953 728 1045 802 testis
1068 728 1169 802 nobis
1187 705 1241 800 sit
1268 749 1418 804 pernes
1438 714 1656 822 'Mmraclmm
1679 713 1848 804 scribens:

252 887 341 962 Fere
376 894 478 961 totam
513 882 911 983 RomanamEcelesram
934 882 1117 984 speluncam
1143 877 1306 957 latronam
1332 909 1399 958 esse
1426 883 1592 974 dicebant,
1622 893 1653 958 et
1679 885 1758 985 qaia
1779 884 1852 987 ipsa

196 1085 200 1093 ·
251 1048 325 1114 emt
347 1038 502 1112 meretrix
522 1038 597 1130 nlla,
630 1037 672 1111 de
701 1063 769 1137 qna
802 1036 921 1137 legitur
951 1037 988 1110 in
1023 1037 1222 1141 Apocalipsi
1243 1037 1315 1137 (l).
1376 1039 1466 1112 Item
1493 1036 1572 1111 leber
1605 1036 1853 1111 sententiarum:

254 1192 395 1268 Audiuit
427 1157 592 1293 (sernas
615 1211 827 1266 merrom
859 1190 901 1264 de
929 1188 1132 1286 Verdaneto)
1167 1189 1265 1265 verba
1297 1200 1328 1266 et
1361 1191 1558 1265 doctrinam
1578 1181 1728 1282 heretici,
1765 1189 1857 1291 qnod

251 1347 406 1422 Ecclesia
438 1347 651 1420 hereticomm
682 1353 753 1420 erat
788 1344 894 1436 bona,
927 1353 959 1418 et
986 1343 1147 1437 salvabat,
1181 1353 1211 1419 et
1234 1345 1386 1420 Ecclesia
1413 1346 1571 1421 Romana
1599 1354 1669 1420 erat
1690 1344 1802 1437 nmla,
1818 1332 1856 1418 et

154 1576 157 1580 .
254 1501 359 1575 nullas
376 1473 509 1604 poterat
536 1498 660 1572 salvari
684 1499 719 1572 in
742 1525 781 1572 ea
807 1499 879 1600 (2).
928 1499 1037 1573 Paulo
1069 1499 1208 1573 inferius
1236 1501 1297 1600 (3)
1326 1502 1552 1604 Inquisitores
1579 1522 1745 1577 mlum
1776 1501 1858 1573 Aa·

254 1654 349 1747 terii,
383 1656 500 1732 virum
534 1654 622 1728 inter
652 1652 845 1754 Albigenses
875 1657 1102 1747 eminentem,
1132 1657 1238 1731 variis
1269 1657 1467 1729 nominibus
1493 1654 1740 1745 condemnant,
1771 1641 1859 1726 inter

254 1809 321 1881 alia
344 1807 510 1881 dicentes:
545 1807 649 1881 Duas
677 1834 808 1908 quoqne
831 1810 990 1909 confingis
1010 1807 1200 1899 Ecclesiam
1222 1834 1323 1880 anam
1345 1808 1541 1908 benignam,
1565 1798 1768 1909 qnom'dicis
1795 1828 1861 1877 esse

255 1971 377 2036 sectam
401 1971 492 2035 taam
516 1970 546 2034 et
567 1961 752 2035 Ecclesiam
772 1960 856 2034 Jesn
881 1961 1026 2052 Christi,
1050 1985 1184 2060 eamque
1205 1959 1321 2037 lrabere
1334 1963 1460 2060 fidon,
1485 1964 1604 2063 inqua
1626 1960 1730 2035 omnis
1743 1968 1774 2033 et
1794 1963 1860 2033 sine

256 2142 325 2217 qna
347 2114 453 2188 nallas
472 2114 616 2215 pervem't
632 2113 681 2186 ad
697 2113 854 2203 salntem;
878 2115 979 2188 aliam
1000 2142 1076 2190 vero
1094 2116 1296 2227 omlngnam,
1318 2118 1510 2192 Romanam
1532 2115 1737 2205 Ecclesiam,
1761 2140 1861 2216 qaam

256 2296 324 2363 ¹esse
348 2269 429 2342 dicis
452 2268 643 2373 inpudenter
670 2278 807 2342 matrem
822 2269 1083 2367 fornicationum
1108 2280 1140 2345 et
1165 2271 1331 2346 basilecam
1353 2270 1486 2372 dyaboli
1513 2278 1544 2344 et
1566 2268 1700 2344 sathane
1722 2268 1862 2371 sinago-

255 2450 360 2525 gam,
393 2448 457 2523 qne
483 2447 597 2496 revera
621 2432 666 2495 est
691 2432 795 2496 mater
823 2427 965 2498 omnium
984 2427 1135 2524 fideliam
1160 2436 1192 2501 et
1217 2427 1398 2526 magistra,
1422 2424 1515 2526 cujas
1544 2449 1653 2498 omnes
1675 2421 1806 2523 grades
1830 2430 1861 2494 et

260 2577 388 2652 ordines
420 2603 462 2649 ac
491 2575 561 2675 ejas
588 2575 808 2652 ordinationes
833 2587 863 2651 et
885 2587 1010 2652 sanata
1035 2581 1247 2680 proqaaciter
1271 2580 1436 2680 depravas
1465 2577 1665 2666 menciendo‚
1690 2588 1861 2674 omnesque

258 2732 319 2834 qm‘
329 2731 435 2829 fidem
456 2730 527 2831 ejus
544 2739 701 2832 sequntur
719 2740 749 2805 et
774 2739 878 2805 tenent
901 2758 995 2806 versa
1020 2732 1087 2806 vice
1107 2733 1229 2833 apellas
1251 2724 1413 2828 hereticos:
1423 2739 1630 2821 derrantes,
1653 2728 1863 2829 neeals'qaem

258 2910 355 2989 posse
373 2886 499 2958 salvari
515 2885 634 2982 infide
653 2887 807 2960 Rosnone
825 2886 973 2961 Ecclesie
998 2884 1067 2961 tam
1086 2888 1254 2989 nephanda
1276 2913 1376 2989 qaam
1395 2884 1481 2990 inpie
1493 2885 1708 2984 dogmatizas.
1759 2881 1863 2955 Plura

260 3041 337 3116 loce
353 3002 476 3114 similia
498 3040 685 3116 describere
703 3068 773 3116 non
794 3068 884 3142 opus
901 3054 953 3117 est
978 3044 1050 3144 (lc).
1099 3045 1180 3120 lam
1202 3043 1319 3117 eadem
1343 3042 1485 3116 crimina
1510 3032 1722 3110 Valdensdas
1744 3032 1865 3108 eodem

263 3197 300 3268 in
324 3195 414 3268 libro
435 3193 496 3295 (5)
519 3195 750 3294 imputantur:
788 3196 979 3289 Praelatis,
1003 3199 1115 3298 inquit
1135 3210 1275 3290 auctor,
1298 3188 1452 3271 Romane
1475 3185 1623 3266 Ecclesia
1647 3188 1866 3277 detrahentes,

259 3355 378 3435 Mam
392 3410 396 3415 .
410 3373 522 3421 eornm
542 3347 717 3451 reprobant
742 3359 773 3425 et
793 3351 1047 3458 condempnant,
1070 3353 1207 3427 dicem
1239 3376 1295 3426 eos
1322 3375 1389 3425 esse
1411 3373 1501 3423 cecos
1528 3345 1675 3419 etdaces
1698 3336 1867 3432 cecorum,

264 3508 297 3573 et
327 3525 393 3575 non
426 3520 566 3573 servare
581 3501 766 3602 Euangelii
786 3505 951 3579 ωτὶἰαὶειη
986 3531 1044 3580 nee
1076 3508 1169 3610 seqm'
1192 3500 1411 3611 apostolicam
1435 3496 1674 3608 parspertatem.'
1728 3491 1865 3599 Ipsam·

265 3679 331 3755 qae
366 3654 557 3729 Romanam
587 3656 771 3731 Ecclesiam
805 3659 937 3736 doniam
972 3688 1040 3736 esse
1059 3662 1231 3737 mendacii
1264 3660 1460 3738 mordaciter
1494 3656 1716 3732 monimntum·
1769 3653 1866 3726 Con-

266 3813 361 3888 venit
396 3813 937 3917 rvcnor1testimonium(6):
972 3816 1162 3891 Ronmnam
1200 3816 1384 3891 Ecctenam
1418 3813 1530 3891 dicant
1564 3836 1630 3887 esse
1670 3806 1873 3884 merericem

297 4153 340 4218 (1)
357 4154 491 4205 Domum.
512 4153 583 4206 aser.
606 4155 701 4207 Frons.
721 4156 836 4224 Sertptt.
856 4159 926 4210 Tam.
944 4159 975 4211 V.
995 4175 1021 4226 p.
1040 4160 1102 4214 oser

300 4243 340 4307 (2)
358 4242 389 4294 L.
409 4258 432 4293 e.
451 4257 477 4307 p.
496 4227 546 4303 88,
565 4245 609 4295 89.
838 4252 841 4260 ’

299 4332 341 4398 (3)
358 4349 385 4397 p.
404 4331 448 4382 92.

300 4421 342 4488 (t)
359 4423 405 4473 etr.
425 4437 452 4487 p.
470 4417 531 4480 37‚‚
542 4420 594 4472 249
612 4423 681 4476 nturi.

298 4512 342 4576 (ὅ)
359 4529 385 4577 p.
404 4508 465 4560 26⁴.

298 4600 341 4667 (β)
358 4599 432 4668 Apud
448 4615 563 4651 num
580 4605 608 4654 et
624 4618 721 4656 natm
740 4573 925 4659 cessassem.
942 4609 973 4662 V.
993 4625 1020 4676 p.
1040 4607 1127 4662 177⁹).
