4642 6224
1004 472 1084 557 113

236 767 390 843 doctrina
402 818 414 859 ,
446 792 550 867 quam
587 765 710 840 Literis
744 764 857 840 Sacris
894 763 1103 854 tribuerent,
1125 761 1332 862 acquievisse
1354 760 1513 838 vidimus.
1562 761 1620 836 Illi
1640 788 1723 839 vero
1747 764 1837 839 ulte-

239 925 309 997 rius
342 949 457 1023 sapcre
489 921 661 1012 volentes,
692 917 950 1020 Philosophiam
985 944 1080 991 suam
1117 915 1288 1016 judicandi
1318 941 1475 990 normam
1503 919 1722 1017 regulamque
1747 919 1838 993 leoe-

239 1090 340 1168 runt,
377 1077 565 1176 Literisque
601 1076 733 1166 Sacris,
758 1074 817 1147 ubi
840 1101 898 1148 eas
923 1074 1156 1174 complacitis
1179 1073 1249 1145 suis
1278 1073 1458 1147 conciliare
1481 1098 1551 1146 non
1575 1073 1756 1168 nolebant,
1780 1073 1837 1149 rel

238 1232 339 1306 fidem
361 1233 502 1306 omnino
528 1231 758 1332 denegarunt,
780 1231 836 1307 rel
862 1254 997 1313 sensum
1020 1231 1206 1329 figuratum
1230 1229 1441 1305 effinxerunt.

278 1386 354 1463 Jttc
379 1413 539 1464 verume
567 1390 603 1461 in
630 1387 764 1476 locum,
791 1386 850 1486 qui
873 1386 946 1483 ipse
978 1384 1212 1484 redintegrem
1242 1383 1504 1484 disputationem
1538 1383 1751 1458 scribendam
1779 1409 1836 1455 se-

239 1544 283 1616 tis
302 1541 449 1641 amplam
471 1543 610 1643 praebet
632 1542 826 1633 materiem,
856 1543 1044 1639 conjectum
1071 1566 1142 1613 esse
1168 1541 1288 1616 sentio.
1338 1539 1405 1613 Sed
1429 1541 1603 1640 negotium
1630 1542 1665 1613 in
1690 1565 1836 1614 coneor‘

238 1696 327 1771 diam
340 1696 530 1798 redigendi,
549 1724 634 1798 quae
649 1697 788 1784 Veteres
803 1697 902 1769 nobis
916 1695 959 1769 de
970 1720 1098 1769 canone
1112 1696 1298 1768 Libromm
1314 1694 1498 1770 Sacrorum
1514 1724 1535 1769 e
1549 1695 1704 1771 Cutunis
1717 1722 1837 1796 necep-

179 1885 185 1895 1
238 1868 295 1944 to,
324 1855 452 1952 partim
476 1880 575 1946 vere,
598 1855 724 1953 partim
743 1854 826 1926 false
847 1853 901 1929 vel
918 1852 1055 1925 confuse
1076 1851 1305 1945 tradiderunt,
1337 1853 1506 1925 tenuitatis
1528 1878 1621 1927 mene
1645 1852 1730 1925 mihi
1750 1875 1837 1924 con-

237 2007 346 2099 scius,
367 2009 572 2083 felicioribus
598 2009 754 2109 relinquo
778 2009 930 2109 ingeniis.
981 2010 1059 2082 Hoc
1080 2033 1186 2080 uuum
1210 2009 1293 2081 mihi
1317 2009 1432 2085 ridere
1452 2008 1591 2101 videor,
1617 2034 1754 2099 omues,
1779 2009 1839 2107 qui
1910 1954 1917 1977 ι

237 2189 355 2242 revera
374 2166 417 2239 ed
436 2165 534 2239 hasce
553 2180 661 2241 sectas
680 2167 796 2239 referri
820 2165 983 2255 debeant,
1010 2164 1209 2238 alterutrum
1233 2164 1388 2265 elegisse,
1407 2164 1463 2241 vel
1486 2179 1523 2237 ut
1542 2164 1650 2237 libros
1677 2164 1743 2236 aibi
1765 2160 1839 2235 dis·

235 2318 398 2423 plicentes
425 2322 620 2416 rejicerent,
655 2320 710 2397 vel
743 2333 782 2393 ut
808 2346 866 2395 eos
894 2321 1038 2421 figurate
1059 2322 1372 2420 interpretarentur.
1433 2321 1632 2398 Cavendum
1664 2345 1743 2393 sane
1768 2332 1836 2408 est,

234 2499 277 2547 ne
300 2474 379 2573 quis
400 2471 553 2544 lraudem
577 2473 643 2546 sibi
666 2476 739 2546 fieri
762 2476 909 2570 patietur
934 2474 1016 2547 locis
1037 2477 1219 2567 Veterum,
1244 2462 1426 2575 inquibus
1450 2475 1611 2564 Gothori,
1634 2489 1674 2548 ut
1699 2474 1840 2575 opinio-

234 2651 388 2735 nes-sues
413 2639 586 2717 tueantur,
611 2627 653 2701 nd
677 2629 809 2701 Veteris
832 2630 990 2728 Notique
1005 2631 1213 2704 Testamenti
1232 2631 1336 2707 verba
1359 2643 1559 2731 provocant.
1594 2633 1648 2704 Ex
1668 2630 1722 2702 his
1745 2631 1837 2703 enim

235 2795 432 2882 argumenta
466 2796 597 2856 tanturn
620 2797 740 2882 petunt
764 2783 808 2856 ad
834 2782 1034 2857 refellendos
1062 2809 1140 2857 suos
1170 2784 1392 2863 adversarios.
1443 2785 1517 2886 lpsi
1539 2808 1622 2862 rero
1648 2783 1733 2884 qnid
1760 2807 1838 2856 sen-

234 2937 356 3028 serint,
388 2939 425 3010 in
452 2937 860 3034 ConcilaotLumbnriensi
888 2941 1063 3041 perspicue
1089 2940 1310 3040 explicarunt.
1360 2939 1602 3042 Interrogavit,
1632 2941 1748 3042 inquit
1776 2964 1840 3011 au·
1967 3033 1970 3038 Ι

235 3103 308 3164 ctor
331 3095 520 3185 Actorum,
555 3092 758 3168 Lodouensis
784 3096 975 3199 Epn'scopus
1006 3124 1079 3191 eos,
1109 3101 1170 3201 qni
1188 3099 1322 3196 saciant
1350 3120 1384 3172 se
1409 3096 1594 3201 nuncupari
1625 3095 1705 3171 boni
1732 3092 1839 3168 domi-

232 3270 366 3337 ues,--
381 3291 430 3306 -
450 3248 481 3321 si
496 3249 690 3348 recipiebant
713 3251 815 3354 legem
842 3277 967 3328 stom
990 3280 1031 3326 ac
1057 3253 1248 3360 Prophetas
1260 3308 1271 3348 ,
1295 3281 1352 3330 sen
1372 3254 1552 3346 Psutnos,
1576 3263 1607 3329 et
1638 3252 1678 3326 V
1671 3261 1740 3327 etus
1767 3252 1838 3327 Te-

232 3407 430 3476 stamentum.
493 3403 746 3505 Responderunt
777 3433 889 3481 corum
918 3408 1008 3482 omni
1038 3409 1260 3502 nualtitudine,
1300 3412 1379 3511 qru'a
1412 3437 1479 3484 non
1514 3408 1711 3512 recipiebant
1737 3408 1839 3511 legem

230 3579 377 3646 Mousl,
392 3580 493 3657 neque
507 3556 722 3659 Prophetas,
745 3588 848 3664 neque
867 3562 1041 3657 Psalmos,
1065 3590 1123 3638 nec
1144 3565 1185 3638 V
1178 3573 1247 3639 etus
1269 3564 1530 3659 Testamentum,
1553 3566 1620 3639 nisi
1636 3563 1836 3638 solummodo
1885 3540 1890 3559 ⁶

231 3710 418 3814 Evangelnr
430 3765 442 3805 ,
474 3712 648 3814 Eputolas
673 3715 799 3810 Pauli,
830 3726 861 3792 et
886 3728 1004 3820 septem
1033 3720 1220 3794 Canonicas
1241 3720 1430 3824 Epistolus,
1455 3721 1624 3820 Adeoque
1651 3715 1836 3818 Apostolo-

231 3891 325 3956 rum,
350 3876 381 3939 et
407 3869 645 3974 Apocalypsin
669 3871 740 3971 (l).
790 3872 857 3945 Sed
882 3875 991 3974 probe
1009 3874 1343 3951 animadvertendum
1367 3888 1440 3967 eet,
1469 3875 1556 3948 hane
1579 3871 1834 3946 Haereticornm

230 4021 483 4118 responsionem
506 4048 624 4097 omues
650 4049 718 4097 non
744 4040 894 4126 spectare
913 4027 1099 4120 Cetturae,
1124 4044 1295 4133 quotquot
1317 4034 1353 4102 in
1375 4004 1545 4131 Attig'esio
1570 4028 1625 4107 vel
1648 4027 1730 4100 alibi
1752 4052 1833 4103 ver·
1937 4090 1940 4097 .

230 4186 392 4249 serentur.
443 4176 533 4250 Nom
566 4178 689 4253 diserte
714 4204 882 4258 mouerit
907 4184 1029 4259 tradit:
1064 4184 1129 4259 Isti
1159 4186 1238 4288 (qui
1266 4210 1374 4260 unurn
1400 4186 1514 4260 Deum
1540 4206 1737 4283 supremum
1764 4205 1835 4255 esse

231 4327 362 4424 dieunt)
391 4330 488 4402 dnum
527 4334 717 4409 conveniunt
746 4364 821 4411 cnm
848 4338 1027 4444 praedictis
1062 4342 1139 4442 (qui
1172 4340 1240 4415 duo
1282 4364 1397 4431 rerum
1432 4337 1602 4439 principia
1640 4334 1833 4433 statuunt),

221 4550 318 4563 ’.μ
554 4557 705 4571 ³⁸-—

166 4726 170 4739 ¹
255 4661 299 4729 (ι)
316 4664 395 4714 unm
413 4664 433 4716 r.
453 4680 476 4715 ι.
495 4682 522 4731 p.
544 4666 603 4720 rou.
