4642 6224
1122 416 1179 501 58

1078 708 1110 842 s
1149 717 1229 814 12.

460 946 589 1029 Inter
615 943 863 1055 Albigenses
890 953 930 1024 et
959 900 1185 1024 Valdeieaes
1211 941 1415 1025 interesse
1427 1004 1443 1047 ,
1472 975 1524 1029 en
1552 948 1717 1054 studio,
1748 956 1860 1065 quod

701 1113 803 1195 huic
831 1122 966 1196 sectae
994 1111 1224 1215 tribuitur,
1254 1112 1403 1194 itidem
1430 1127 1621 1225 apparet.

405 1332 467 1409 Uti
480 1356 520 1405 cx
535 1330 678 1431 Origine
693 1329 732 1402 V
725 1329 919 1420 aldensrum,
932 1331 981 1402 sic
994 1354 1038 1401 ex
1051 1329 1157 1403 studio
1165 1382 1176 1421 ,
1189 1329 1281 1432 quod
1293 1330 1367 1403 huic
1379 1339 1482 1405 sectae
1494 1332 1662 1426 trabuntur,
1676 1336 1784 1410 itidem
1797 1351 1937 1439 apparet
1945 1395 1956 1430 ,

356 1490 439 1562 inter
461 1513 533 1561 eum
556 1492 586 1558 et
610 1484 802 1586 Albtgensa
824 1484 982 1563 interesse.
1015 1486 1121 1579 Quod
1142 1487 1234 1561 enim
1261 1487 1413 1562 Historia
1438 1486 1537 1561 dooet
1563 1489 1819 1581 Ecclesiastico,
1843 1495 1956 1569 varies

355 1645 518 1719 exstitisse
540 1654 666 1733 sectas,
692 1667 778 1741 quae
808 1645 990 1716 exstiturae
1021 1668 1092 1714 non
1114 1643 1272 1736 fuissent,
1295 1643 1360 1716 nisi
1382 1643 1555 1734 homines,
1585 1643 1703 1721 leviter
1727 1646 1954 1738 discedentes,

355 1800 488 1899 injuriis
516 1797 561 1871 ad
589 1823 625 1870 se
647 1796 851 1895 separandos
871 1796 1013 1871 lacessiti
1036 1810 1166 1905 essent5
1191 1824 1284 1875 novo
1308 1798 1364 1872 hic
1390 1800 1545 1901 exemplo
1571 1804 1804 1879 confirmatur.
1843 1807 1956 1905 Equi-

355 1955 434 2029 dem
471 1965 560 2027 certe
593 1951 640 2024 ita
671 1951 804 2041 sentio,
827 1950 1009 2025 Pontifices
1036 1966 1072 2024 et
1103 1951 1292 2027 Monachos
1317 1979 1394 2044 sua,
1419 1981 1499 2028 cum
1524 1957 1769 2054 imprudentia,
1794 1974 1870 2037 tum
1896 1987 1957 2035 su-

356 2108 475 2210 perbis
482 2161 493 2200 ,
521 2107 688 2209 peperisse
713 2107 788 2179 lites
807 2119 841 2180 et
862 2108 1130 2198 controversias,
1155 2133 1240 2208 quas
1262 2133 1323 2208 per
1344 2107 1483 2210 longam
1509 2109 1700 2186 seculorum
1728 2116 1849 2188 seriam
1873 2141 1955 2191 cum

359 2261 572 2338 Valdennbus
596 2275 748 2363 egerunt.
774 2265 958 2357 ,Quorum
985 2266 1014 2340 si
1044 2263 1193 2338 studium
1216 2265 1253 2336 in
1280 2264 1468 2338 Ecclesiam
1501 2266 1772 2361 consideramus,
1805 2270 1955 2345 clarissi-

355 2446 411 2495 me
449 2419 625 2509 videmus,
660 2444 764 2517 quam
798 2415 899 2520 longe
937 2417 1061 2496 diversi
1094 2421 1138 2493 ab
1177 2408 1405 2521 albigensibus
1439 2417 1575 2494 suerint
1624 2424 1783 2496 Profecto
1823 2437 1956 2499 tantum

356 2577 469 2669 abest,
495 2589 532 2648 ut
551 2598 700 2651 aternus
724 2547 886 2650 vannus
913 2575 957 2648 ab
981 2574 1101 2669 initio,
1126 2575 1154 2647 si
1180 2576 1336 2652 vetustati
1362 2573 1446 2647 fides
1468 2587 1536 2666 est,
1560 2576 1753 2652 societatem
1775 2578 1956 2654 homiuum

356 2732 500 2810 condere
531 2730 699 2821 voluerit,
724 2731 784 2830 qui
806 2729 992 2805 Ecclesiam
1018 2733 1211 2807 Romanam
1233 2730 1417 2834 desereret,
1440 2745 1480 2806 ut
1501 2732 1681 2807 consilium
1706 2737 1804 2809 unice
1830 2737 1957 2835 ceperit

355 2888 523 2964 Ecclesiae
556 2889 665 2962 socios
698 2885 868 2980 docendi,
902 2913 988 2986 qnae
1019 2889 1054 2961 in
1098 2887 1235 2962 Litteris
1263 2887 1374 2962 Sacris
1401 2899 1435 2960 et
1461 2890 1603 2961 Petrum
1630 2889 1765 2988 scriptis
1798 2888 1955 2988 legisset,

356 3057 481 3146 eosque
512 3042 576 3117 hac
612 3042 767 3116 doctrina
801 3040 845 3116 ad
876 3043 983 3120 vitam
1015 3043 1191 3116 meliorem
1226 3042 1442 3144 perducendi.
1492 3042 1589 3118 Idem
1612 3044 1713 3146 plane
1737 3045 1803 3118 sibi
1821 3044 1955 3146 primos

357 3201 429 3299 ejus
453 3210 633 3272 sectatores
668 3198 886 3299 proposuisse
913 3212 948 3271 et
974 3198 1081 3297 egisse
1114 3199 1213 3270 nobis
1242 3197 1405 3273 traditum
1427 3214 1486 3275 est.
1535 3203 1619 3277 Mox
1645 3226 1729 3277 vero
1755 3202 1798 3273 iis
1824 3202 1956 3275 obstitit

359 3376 549 3445 ioannes,
584 3355 868 3455 Arcbiepiscopus
904 3352 1158 3452 Lupdunensis,
1195 3352 1315 3428 deinde
1355 3359 1450 3456 Papa
1478 3376 1730 3431 Anaxannen
1758 3359 1841 3449 111,
1866 3382 1956 3431 anno
1992 3456 1997 3463 ι

358 3510 626 3587 MCLXXXIV
644 3532 784 3584 numus
800 3510 878 3598 ΙΙΙ,
900 3532 960 3581 eos
974 3532 1041 3579 una
1059 3532 1138 3579 cum
1158 3506 1314 3580 Cutlmris
1329 3509 1469 3608 aliisque
1481 3509 1669 3584 Haereticis
1683 3510 1910 3585 condemnans
1922 3525 1956 3585 et

361 3691 547 3743 exsecrans.
584 3666 609 3740 J
610 3691 663 3739 am
678 3664 855 3767 probabile
869 3662 1004 3764 quidem
1019 3675 1087 3753 est,
1110 3687 1185 3754 eos,
1203 3662 1301 3737 libris
1321 3664 1563 3763 Apostolorum
1577 3677 1610 3738 et
1624 3669 1767 3740 Patrum
1781 3665 1954 3743 versandis

361 3838 395 3898 et
423 3848 504 3898 cum
531 3819 705 3911 doctrina,
738 3846 823 3920 quae
848 3846 910 3893 suo
939 3786 1092 3918 tempore
1122 3820 1279 3920 vigebat,
1301 3820 1559 3923 comparandis,
1587 3820 1765 3895 nonnullos
1787 3819 1955 3895 Ecclesiae

361 4005 493 4054 errores
512 3976 805 4071 animadvertisse3
828 3960 944 4049 sad'ex
967 3975 1216 4049 narrationibus
1234 3989 1366 4068 tamen,
1391 4003 1477 4076 quas
1497 3976 1694 4077 aequalibus
1711 4003 1832 4052 eorum
1849 3976 1956 4051 debe-

361 4159 456 4225 mus,
481 4132 621 4206 omnino
635 4131 806 4231 sequitur,
825 4154 883 4203 eos
897 4128 1108 4230 aliquamdiu
1122 4129 1231 4204 adhuc
1245 4132 1280 4203 iu
1294 4132 1442 4208 Ecclesia
1458 4131 1638 4223 mansisse,
1657 4145 1725 4205 eta
1739 4131 1956 4234 gravioribus

362 4287 451 4362 illius
477 4288 771 4390 superstitionibus
798 4283 1005 4387 exagitandis
1029 4311 1065 4360 se
1090 4286 1288 4360 abstinuisse
1320 4285 1391 4388 (l).
1439 4287 1599 4364 acanus
1626 4313 1704 4362 saue
1732 4285 1929 4361 Haerentes
1941 4338 1954 4378 ,

388 4627 427 4691 (t)
444 4627 490 4677 eff.
513 4641 656 4678 amaran.
673 4629 745 4680 'lom
765 4627 852 4677 mx.
874 4642 900 4693 p.
921 4627 1049 4695 ⁶291qq.
1086 4631 1206 4682 Gratum
1225 4631 1245 4685 t.
1267 4646 1289 4683 c.
1304 4647 1330 4698 p.
1350 4632 1402 4683 bbt
1419 4646 1476 4698 sqq.
1512 4633 1598 4684 llrnn
1615 4637 1643 4685 et
1659 4646 1749 4685 narn.
1769 4632 1788 4683 t.
1807 4648 1829 4683 c.
1850 4648 1876 4697 p.
1898 4624 1960 4680 ³17,
