4642 6224
1126 464 1189 552 68

361 773 436 872 ipso
451 782 622 869 tempore,
639 789 709 867 quo
723 760 909 863 appellatio·
920 761 1079 860 usurpari
1096 761 1277 863 inciperet,
1297 761 1434 861 privam
1451 773 1485 836 et
1501 760 1716 863 pemliarem.
1753 765 1824 842 Ubi
1844 778 1958 841 autem

360 945 572 1000 cassamus
584 919 665 1021 (l),
676 917 924 1018 expeditionem
938 941 1173 996 rusoansrn
1187 920 1246 995 111
1262 920 1297 992 in
1311 930 1437 992 terram
1447 917 1674 1021 Athagauiam
1687 948 1841 1012 narrans,
1856 922 1958 996 Hae-

358 1081 454 1153 rasim
476 1087 644 1151 memorat
661 1072 888 1175 Albagmsium
900 1100 913 1161 ;
938 1085 1132 1174 temporum
1157 1075 1353 1150 conimione
1378 1087 1511 1177 partem
1538 1075 1661 1150 horum
1686 1076 1868 1152 hominum
1894 1105 1963 1177 pro

358 1247 432 1308 toto
451 1233 565 1308 sumit.
615 1231 777 1306 Similiter
796 1242 915 1338 auctor
936 1228 1096 1304 Clrrouici
1115 1229 1337 1305 Ca'slercimsis
1353 1230 1436 1331 (2),
1457 1231 1705 1332 expeditionem
1726 1237 1818 1331 ajens
1841 1234 1963 1307 inias-

228 1406 230 1410 ’
356 1389 448 1492 piam
482 1386 704 1488 Messium
736 1392 855 1459 sectam
882 1398 1072 1484 susceptam
1095 1411 1177 1462 esse.
1226 1384 1294 1460 Sed
1312 1414 1353 1461 ex
1382 1386 1578 1485 hujusmodi
1609 1387 1711 1478 lacis,
1735 1401 1814 1488 post
1839 1413 1958 1462 sacm-

358 1572 437 1619 rum
462 1545 609 1618 maxime
628 1544 924 1634 instaurationem,
946 1553 1083 1615 exortus
1105 1567 1202 1614 error
1225 1555 1295 1633 est,
1320 1542 1379 1642 qui
1400 1543 1597 1643 longissime
1616 1546 1758 1643 serpsit,
1781 1558 1815 1617 et
1835 1545 1878 1618 ad
1891 1571 1957 1618 no-

357 1713 463 1773 stram
485 1724 519 1772 se
542 1700 749 1799 propagavit
767 1700 979 1773 memoriam.
1029 1698 1130 1772 Haud
1153 1698 1250 1798 pauci
1272 1723 1394 1798 nempe
1415 1698 1482 1776 viri
1501 1696 1615 1789 docti,
1641 1698 1832 1797 ubicunqne
1856 1697 1958 1771 Hae-

355 1854 530 1929 micarum
563 1852 791 1953 Albigeusium
826 1853 1033 1926 mentionem
1067 1853 1141 1927 lieri
1164 1853 1345 1944 videbant,
1371 1867 1496 1927 sectam
1521 1854 1703 1954 significari
1725 1865 1885 1953 putarunt
1914 1855 1957 1926 ab

356 2011 449 2101 aliis,
472 2022 505 2082 et
530 2009 704 2109 sigillatim
726 2008 863 2109 quidem
891 2035 909 2080 a
937 2005 1148 2080 Valdemium
1174 2019 1263 2080 secta
1286 2007 1550 2082 discernendam.
1583 2010 1636 2084 De
1660 2035 1730 2110 qno
1751 2009 1838 2084 forte
1856 2035 1957 2083 nemo

344 2167 466 2265 ‘magis
491 2164 586 2253 fecit,
615 2176 653 2235 ut
675 2162 933 2264 persuaderetur
960 2162 1058 2253 aliis,
1093 2189 1195 2263 quam
1224 2186 1521 2253 Ltmsoncnlus,
1556 2162 1616 2263 qui
1636 2175 1802 2261 quantum
1830 2161 1957 2235 laboris

355 2320 399 2395 ad
432 2320 500 2393 lroc
537 2319 716 2392 discrimen
748 2318 965 2420 probandum
1000 2317 1221 2418 impenderit,
1255 2323 1327 2416 jam
1349 2316 1432 2389 haec
1455 2319 1528 2416 ejus
1550 2316 1674 2390 docent
1693 2317 1821 2393 verba:
1849 2315 1959 2389 Unam

243 2474 246 2483 ’
356 2474 540 2576 inquiram,
571 2499 616 2545 aa
646 2472 823 2546 Valdeases
845 2473 941 2546 iidem
959 2472 1089 2572 saarim
1115 2500 1190 2546 cum
1214 2471 1465 2573 Adquiesce,
1488 2471 1540 2545 uli
1561 2472 1736 2544 comnmuis
1758 2470 1958 2545 Proleslaa-

357 2632 438 2706 ts'um
455 2631 528 2730 sert
553 2629 683 2731 opinio,
704 2655 749 2703 aa
777 2654 853 2702 vero
872 2627 1001 2728 fuerim
1023 2628 1170 2702 diuersae
1191 2636 1304 2704 sectae.
1329 2627 1484 2735 'Alaqaot
1504 2626 1649 2729 utrisque
1666 2627 1775 2726 faisse
1802 2628 1958 2728 dogmata

358 2788 539 2863 commam'a
551 2841 562 2880 ,
596 2783 740 2859 dubitari
765 2785 895 2886 nequit:
917 2809 1029 2857 verum
1058 2793 1089 2858 ct
1114 2811 1269 2886 maguam
1296 2782 1519 2856 doctrinarum
1535 2781 1643 2880 faisse
1668 2783 1903 2874 dauersdalem,
1927 2792 1959 2855 ct

357 2943 501 3016 instituta
522 2967 564 3014 ac
592 2941 675 3013 ritas
698 2941 782 3012 aaa
808 2947 962 3042 atrosque
986 2948 1161 3044 assrrpatos
1186 2937 1362 3010 admodum
1376 2935 1485 3034 fiu'sse
1508 2937 1746 3042 discrepantes,
1770 2939 1840 3011 lucc
1858 2939 1958 3010 uum-

359 3098 460 3170 dr'aua
491 3095 611 3169 clarius
637 3095 758 3196 liquere
783 3094 910 3169 videtur
934 3121 978 3168 aa
1002 3093 1084 3169 libro
1108 3092 1344 3166 Sentadiarum
1365 3091 1590 3193 Inquisdiom's
1614 3093 1840 3186 Tlolmauaa,
1863 3119 1957 3194 quem

231 3299 241 3311 -
357 3279 442 3327 aum
474 3252 508 3325 ia
538 3251 640 3325 lucem
673 3250 815 3343 edium,
848 3252 883 3324 ia
919 3268 986 3352 qua
1012 3249 1176 3354 plurimae
1203 3249 1238 3320 ia
1261 3247 1451 3349 Albaqmses
1476 3258 1506 3323 el
1531 3248 1709 3322 Valdeuses
1727 3249 1959 3352 precantatur

360 3407 529 3482 sanandae
553 3408 724 3508 leguntur,
748 3409 782 3480 ia
803 3406 921 3508 quadus
947 3406 1049 3479 malta
1073 3405 1206 3478 curiosa
1229 3405 1270 3478 de
1295 3406 1442 3508 ipsumam
1465 3405 1621 3479 doctrinis
1640 3413 1670 3478 et
1691 3405 1863 3495 institutis,
1893 3431 1958 3478 narr

360 3563 406 3635 tta
437 3561 558 3663 passim
582 3562 697 3654 obvia,
721 3568 919 3648 assummum
943 3559 1002 3632 sed
1026 3585 1111 3660 qaae
1138 3559 1332 3634 divmsdota's
1354 3586 1421 3634 uon
1443 3568 1568 3634 tardum
1593 3561 1628 3633 in
1650 3559 1819 3651 doctrina,
1843 3559 1902 3633 sed
1928 3569 1959 3632 et

360 3714 394 3787 iu
430 3714 543 3790 ritdms
577 3725 608 3790 cl
634 3717 784 3790 institutis
812 3713 933 3786 indicta
966 3723 1041 3787 mut
1064 3713 1148 3788 adeo
1173 3715 1364 3814 manifesto,
1388 3724 1424 3790 ut
1449 3716 1632 3819 quicunque
1652 3715 1777 3818 aliquot
1800 3716 1833 3789 in
1856 3715 1956 3790 Atti-

356 3897 472 3972 gcmes
495 3881 525 3946 et
545 3871 728 3956 ,Valdemcs
749 3869 978 3972 promalrutas
997 3871 1166 3945 sementim
1186 3871 1317 3972 imerii,
1340 3871 1448 3946 statira
1469 3879 1569 3973 alque
1589 3872 1623 3944 ia
1645 3871 1830 3944 sedendam
1846 3896 1958 3972 quaa-

278 4048 280 4052 ·
361 4026 439 4100 dam
472 4025 637 4116 incidm'l,
669 4047 713 4097 aar
731 4049 917 4127 paucamm
943 4025 1102 4102 diaconam
1130 4029 1262 4104 lectione
1286 4029 1329 4103 sd
1351 4028 1630 4134 deprehensurus,
1668 4054 1714 4101 an
1742 4026 1959 4114 Valdemem,

360 4208 505 4257 mucro
539 4180 747 4282 Albaqeascm
767 4180 886 4279 saut.
938 4182 1033 4276 Quae
1057 4185 1184 4259 madeas
1215 4184 1298 4260 adeo
1324 4186 1492 4261 diversitas
1514 4208 1583 4276 me,
1600 4183 1669 4285 qm'
1690 4183 1841 4257 ladem
1864 4207 1964 4256 cooz-

387 4590 426 4656 tl)
444 4590 534 4656 Magn.
556 4591 680 4642 aaronis.
702 4590 777 4656 Κεὶς.
795 4591 827 4642 ad
844 4608 904 4646 ann.
922 4595 1057 4646 nccvttt.
1077 4594 1191 4662 pauo..

385 4680 426 4749 ll)
443 4681 483 4732 ad
499 4697 564 4733 ann..
578 4682 672 4737 1ch
692 4680 738 4742 sd,
756 4696 853 4734 suut.
