4642 6224
1016 439 1074 537 97

96 751 98 754 ’
241 751 298 825 oc
329 746 541 850 messes,
573 743 624 818 oc
646 740 723 816 on
748 713 953 813 flaccone
982 737 1147 815 macor.
1196 736 1337 841 nm
1366 740 1452 816 nce
1482 764 1690 841 nonem·
1719 767 1844 824 mme-

248 913 359 1009 sutus,
378 911 553 1005 autequam
570 896 715 974 hobitum
733 891 901 996 nligiottis
911 892 1114 997 truoeptstel,
1137 892 1300 994 Bngocus
1311 894 1494 970 mnium:
1518 908 1721 1003 quopropter
1738 922 1846 978 οιιιιιιι

250 1084 362 1134 coium
388 1056 556 1162 complices
580 1058 735 1144 novom,
766 1057 797 1123 et
819 1047 940 1148 scotus·
956 1055 1003 1121 est
1032 1072 1145 1123 eorum
1167 1057 1360 1142 mcurotor,
1391 1051 1525 1127 mulleos
1554 1061 1588 1128 et
1610 1054 1760 1131 icre‘csicus
1778 1056 1846 1155 fo-

248 1212 383 1286 milioris
413 1211 486 1312 (1).
534 1210 614 1284 lem
639 1205 719 1280 binc
744 1203 984 1303 intelligimus,
1008 1228 1248 1297 nonencors,
1272 1206 1471 1308 priusquam
1500 1207 1544 1282 ad
1570 1211 1758 1285 Ecclesium
1786 1234 1844 1287 ne-

249 1370 382 1460 diisset,
415 1367 452 1439 in
479 1363 591 1439 Getta
622 1375 658 1436 et
683 1357 849 1436 Flendria
876 1380 984 1432 unum
1011 1358 1115 1432 fuisse
1141 1358 1349 1438 advenarum
1384 1384 1425 1437 ex
1457 1361 1647 1466 Belgen'o,
1680 1365 1741 1466 qui
1769 1367 1843 1443 Cu-

247 1523 417 1597 tlsoromm
442 1518 567 1623 placitu
594 1528 821 1618 propagaret,
852 1514 1047 1614 multosque
1072 1513 1229 1589 habuisse
1255 1516 1450 1592 earumdem
1474 1519 1674 1620 opinionu-
1701 1523 1845 1624 pertici—

246 1704 325 1777 pes,
354 1701 441 1776 quos
463 1698 556 1748 nnnc
578 1671 736 1773 flagranti
761 1669 844 1744 odio
868 1682 1125 1771 persequeretur
1148 1669 1220 1771 (2).

969 1925 1120 2059 sn.
1269 2028 1270 2033 ψ
1417 2030 1420 2035 ,

319 2219 481 2305 Causae
491 2279 506 2322 ,
536 2244 616 2298 cur
647 2212 928 2333 Cotbororum
947 2215 1116 2341 placito
1143 2243 1196 2298 eo
1228 2212 1406 2335 Oriente
1433 2218 1483 2301 in
1514 2218 1782 2327 Occidentem
1829 2312 1836 2346 ,·

413 2396 453 2468 et
479 2384 688 2495 inprimis
714 2382 774 2464 ad
798 2382 1045 2494 Albigenses
1064 2386 1378 2495 pervenerint,
1400 2387 1684 2500 explicantur.
1772 2494 1775 2502 ἵ

133 2612 139 2619 ’
295 2610 471 2702 Probita,
500 2608 553 2682 nti
582 2620 777 2709 speremus,
809 2606 978 2681 Orientali
1007 2605 1230 2684 tottammm
1255 2609 1410 2710 origine,
1440 2609 1534 2685 haud
1560 2636 1848 2712 supervacaneum

243 2770 310 2844 erit
345 2767 513 2870 explicam
546 2786 684 2857 censes,
721 2787 783 2837 cur
808 2762 934 2865 placite
971 2786 1091 2837 eorum
1120 2762 1155 2837 in
1184 2763 1403 2839 Occidentem
1422 2778 1471 2839 et·
1490 2765 1650 2867 inprimis
1671 2765 1716 2840 ad
1746 2763 1847 2841 Attr-

244 2947 359 3025 gcuses
382 2921 607 3023 pervenerint.
656 2920 735 2995 Hoc
759 2920 871 3010 enim,
895 2917 946 2992 nti
972 2917 1017 2991 ed
1030 2919 1251 3019 superiorem
1268 2919 1533 3022 disputationem
1556 2920 1846 2996 corroborandam

248 3080 422 3181 insigniter
444 3076 596 3151 conferre
627 3086 756 3176 potest,
779 3076 826 3148 ita
843 3072 1114 3149 'dubitationibus
1136 3087 1290 3149 occurret
1313 3073 1516 3167 homiuum,
1539 3075 1601 3177 qui
1626 3075 1713 3150 forte
1729 3074 1847 3154 'neres

247 3233 324 3308 illos
342 3231 558 3322 Haereticos,
576 3257 597 3304 n
618 3226 731 3304 seculo
759 3228 906 3303 maxime
929 3232 1023 3321 XII,
1050 3229 1236 3307 Ecclesiam
1264 3230 1434 3306 infestasse
1452 3231 1632 3306 mirentur.
1680 3229 1848 3305 Videlicet

245 3389 395 3489 alonge
421 3391 491 3487 jam
513 3398 680 3485 tempore·
695 3402 876 3486 oppressae
901 3386 1100 3489 penitusque
1126 3385 1252 3462 deletae
1278 3398 1375 3460 erent
1402 3397 1530 3478 sectae,
1561 3407 1648 3487 quse
1673 3384 1847 3461 doctrinae

246 3541 352 3643 strigo
388 3553 539 3641 receptae
574 3540 787 3641 publicisque
815 3541 954 3617 decretis
988 3541 1153 3616 stabilitae
1179 3567 1214 3616 se
1247 3552 1487 3645 opposuerunt.
1538 3541 1656 3618 Sicubi
1676 3519 1760 3616 eliae
1786 3540 1848 3616 de-

246 3701 360 3798 inceps
394 3697 610 3787 exstiteraut,
632 3709 747 3770 tenues
777 3697 853 3771 illae
882 3710 978 3771 eraut
1000 3710 1036 3770 et
1061 3697 1178 3787 exiles,
1201 3697 1336 3795 suisque
1360 3697 1396 3769 in
1432 3695 1571 3769 latebris
1591 3721 1626 3770 se
1645 3696 1846 3798 plerumque

244 3852 493 3928 abscondentes.
546 3852 729 3926 Pontifices
757 3852 924 3943 Romani,
961 3850 1181 3924 dominorum
1215 3850 1343 3941 instar,
1374 3814 1512 3951 regibus
1538 3850 1741 3950 populisque
1767 3849 1850 3926 reli·

246 4007 359 4108 gionis
391 4007 565 4108 praeibant
589 4006 793 4097 formulam,
828 4007 925 4103 cnjus
950 4005 988 4076 in
1016 4005 1120 4080 verbu
1143 4007 1256 4078 cuncti
1280 4005 1349 4080 lere
1379 4006 1547 4105 jurabunt.
1596 4004 1753 4081 societati
1778 3997 1846 4080 lio}

246 4162 399 4254 minum,
426 4185 512 4260 qnae
533 4184 660 4233 nomen
691 4159 818 4233 serebat
842 4182 1024 4251 emmens,
1062 4157 1291 4234 tristissimum
1322 4173 1483 4259 tunquam
1507 4182 1666 4259 soporem
1688 4159 1847 4261 injecerat

277 4455 318 4522 (1)
336 4455 367 4507 L.
387 4470 410 4508 o.
430 4470 458 4521 p.
477 4451 538 4507 482.
575 4455 689 4505 censensi
707 4457 837 4505 merentur
852 4471 919 4520 qnae
935 4459 1076 4506 occurrunt
1092 4473 1118 4524 p.
1137 4455 1198 4510 ⁴29.

282 4546 323 4612 (2)
339 4547 434 4596 Vocem
456 4544 580 4610 Bouqrs,
604 4560 654 4609 que
672 4545 800 4609 hodieque
821 4544 1018 4596 Franco-Gelil
1036 4562 1064 4598 se
1084 4551 1175 4598 mutae
1192 4548 1302 4614 petum,
1328 4561 1359 4600 es
1379 4542 1470 4615 lepre
1485 4539 1525 4600 tel
1545 4542 1661 4615 ΝΜ,
1686 4547 1714 4600 tt
1735 4553 1775 4601 est
1796 4549 1852 4602 Be·

339 4651 405 4702 parc
421 4636 462 4685 rel
481 4634 610 4702 Bosporo,
628 4640 710 4686 ortem
727 4651 798 4698 ease,
817 4636 971 4689 uhtininm
986 4639 1037 4687 est.
1123 4670 1127 4679 -
1737 4660 1741 4670 ·

1682 4761 1728 4838 13
