4642 6224
1139 469 1319 583 92'.

368 786 513 858 locorum
534 780 664 880 eligeret
685 775 833 881 sepeliri,
856 773 908 849 itte
928 772 1057 847 taudem
1078 724 1261 876 repondit,
1287 797 1321 846 re
1343 771 1420 846 velle
1442 771 1491 846 ad
1510 733 1682 850 Bononiae
1701 774 1768 850 aive
1787 775 1970 873 Bonorior,

366 940 429 1011 hoe
448 944 495 1010 ert
514 933 732 1025 Haeretieor‚
756 928 927 1035 deportari
940 928 1013 1030 (l).
1045 930 1132 1022 Quis
1153 929 1246 1004 euim
1259 927 1410 1023 dubitat,
1435 931 1518 1030 quin
1531 956 1633 1009 rooes
1643 930 1792 1007 Bonouii
1802 947 1838 1010 et
1849 933 1970 1010 Bono·

288 1084 291 1094 '
366 1090 427 1183 sii,
452 1114 600 1190 quarum
623 1100 700 1162 utra
717 1084 872 1186 eligenda
895 1084 962 1175 sit,
985 1095 1102 1156 auctor
1122 1083 1195 1185 ipae
1212 1108 1248 1157 se
1268 1084 1425 1183 ignorare
1437 1086 1636 1187 profitetur,
1659 1089 1695 1161 in
1709 1089 1781 1166 rtur
1795 1093 1971 1166 communi
2054 1178 2068 1201 ·

365 1249 472 1321 factae
487 1246 556 1320 sint
567 1271 629 1345 per
652 1237 1000 1345 depravationem'rel
1013 1237 1280 1314 contractionem
1291 1237 1374 1313 dicti
1388 1238 1494 1340 vulgo
1511 1241 1584 1312 triti
1598 1239 1678 1314 bone
1691 1241 1865 1318 honrem?
1887 1246 1969 1319 Jem

364 1399 475 1476 seculo
500 1410 615 1472 autem
636 1399 713 1471 XII
727 1394 925 1469 Haereticor
944 1392 979 1466 s'e
1002 1391 1103 1467 bonor
1124 1415 1263 1471 vocasse
1281 1392 1445 1486 mna,
1468 1421 1510 1470 ex
1523 1395 1618 1471 Actis
1634 1397 1773 1472 concilii
1785 1396 1970 1475 Lumbart-
2061 1462 2066 1473 .

365 1556 448 1628 aaa
484 1566 623 1653 appare
639 1551 710 1652 (2).
761 1551 878 1627 nunus
906 1573 989 1627 vero
1019 1547 1297 1626 Perotmsianos
1326 1564 1384 1623 aut
1404 1548 1649 1645 eremannos,
1672 1575 1778 1652 quam
1803 1552 1969 1629 cataros
2103 1512 2109 1521 ’

362 1710 483 1800 l'ui'sse,
507 1710 568 1809 qui
601 1707 669 1781 hoc
693 1708 729 1780 in
757 1704 902 1780 eoncilio
929 1703 1091 1779 bonorum
1117 1701 1282 1779 honum
1303 1731 1429 1781 nomen
1450 1708 1598 1800 ferrent,
1620 1733 1662 1782 ex
1687 1708 1820 1808 placitis
1844 1733 1967 1783 eorum

365 1863 552 1963 intelligere
578 1861 664 1936 mihi
690 1859 825 1937 videor.
849 1861 1033 1951 Ceterum,
1067 1857 1195 1937 invidia
1221 1859 1351 1934 factum
1376 1887 1448 1937 esee
1460 1915 1472 1956 ,
1503 1877 1543 1938 ut
1568 1863 1709 1938 honoris
1736 1862 1874 1955 titulus,
1897 1888 1967 1965 qno

361 2019 597 2118 gloriabantur
615 2015 804 2108 Haeretici,
824 2016 859 2088 iu
882 2015 1166 2114 vituperationem
1187 2029 1394 2110 verteretur,
1414 2019 1523 2118 iisque
1545 2019 1770 2094 contumeliae
1782 2044 1882 2092 causa
1897 2019 1966 2091 oh-

362 2175 539 2269 jioeretur,
574 2169 736 2272 equidem
776 2195 901 2271 negare
935 2169 1028 2245 nolo.
1091 2168 1159 2246 Sed
1197 2172 1420 2249 animadverti
1454 2185 1624 2266 meretur,
1660 2172 1754 2273 quod
1790 2172 1966 2273 hucusque

358 2327 488 2400 dictum
515 2340 591 2417 est,
628 2324 773 2398 Gellr'crm
795 2325 894 2399 unioe
916 2339 1067 2425 spectare
1090 2287 1354 2419 Narbonensem,
1385 2327 1446 2401 ubi
1475 2335 1546 2403 vox'
1574 2314 1705 2402 Graeca
1732 2341 1864 2427 recepta
1893 2352 1965 2401 non

361 2506 432 2554 esse
466 2480 611 2554 traditur
633 2478 705 2583 (3).
756 2480 835 2553 Huc
874 2505 1012 2580 quoque
1039 2494 1191 2581 spectant
1215 2482 1376 2582 pleraque
1408 2481 1483 2558 loca
1512 2484 1739 2582 scriptorum,
1776 2482 1813 2554 in
1843 2482 1968 2581 quibus
2057 2580 2064 2593 Ι

360 2637 438 2712 boni
460 2636 603 2711 hommes
630 2648 891 2729 memorantur,
924 2637 976 2711 uti
1002 2636 1104 2710 etiam
1135 2635 1229 2740 quod
1259 2636 1406 2737 legimus
1432 2637 1524 2738 apud
1550 2659 1775 2713 nunannuru
1800 2636 1880 2738 (l):
1908 2636 1964 2708 di-

358 2801 434 2865 curet
441 2843 453 2884 ‚
487 2790 580 2892 quod
606 2789 715 2890 bomar¹
743 2789 866 2885 homo,
896 2800 955 2892 out
982 2791 1068 2867 botro
1085 2792 1256 2890 foemina,
1289 2800 1348 2865 aut
1374 2792 1587 2895 congregatio
1614 2792 1781 2893 utrinque
1812 2788 1963 2865 Ecclesia

359 2955 423 3020 ert:
447 2954 478 3020 et
502 2946 574 3020 ideo
602 2945 736 3019 domum
763 2972 862 3021 manu
885 2946 1018 3044 saetam
1041 2956 1159 3049 nepam
1186 2973 1253 3021 eree
1278 2945 1472 3023 Ecclesiam.
1511 2949 1684 3025 Nimirum
1716 2946 1780 3021 hac
1806 2946 1843 3018 in
1872 2947 1967 3045 ragi-

362 3126 425 3174 one
448 3125 514 3202 pro
543 3099 769 3176 Cularonem
786 3104 944 3196 nomine,
970 3102 1064 3204 quod
1092 3103 1176 3178 alibi
1197 3103 1317 3177 tritum
1343 3116 1438 3195 erat,
1465 3115 1667 3204 usurpatum
1692 3128 1764 3177 ease
1782 3114 1868 3201 puto
1895 3100 1964 3173 noi

360 3280 438 3330 men
463 3253 622 3331 bonorum
647 3230 837 3347 homimem
869 3271 905 3332 et
924 3259 1079 3334 similiter
1101 3259 1191 3334 forte
1210 3259 1245 3332 in
1273 3258 1403 3358 Anglio
1430 3256 1570 3358 aliisque
1599 3257 1719 3349 terris,
1742 3256 1801 3330 ubi
1825 3252 1963 3330 Haere-

362 3408 419 3482 tici
446 3435 481 3482 se
507 3409 673 3487 Calliaros
696 3437 818 3490 vocare
843 3438 914 3487 non
943 3414 1099 3490 solerent.
1147 3415 1241 3489 Hinc
1261 3439 1345 3491 vero
1365 3414 1401 3486 in
1425 3411 1638 3487 Geruram'om
1663 3410 1865 3485 translatum
1892 3413 1963 3486 esse

360 3564 513 3657 videtur,
537 3575 576 3639 ut
604 3594 777 3642 unacum
804 3569 1029 3672 catharorum
1047 3568 1271 3671 appellatione
1298 3564 1958 3667 vuleretueu(5).Pteudo-1rn11tu·

303 3754 309 3762 ·
360 3745 431 3796 nus
457 3735 546 3796 oerte
573 3724 641 3798 ait:
677 3723 709 3797 ri
733 3725 877 3828 perfecte
906 3724 954 3798 vir
986 3750 1179 3828 cognoroere
1212 3750 1356 3800 errorem
1382 3722 1624 3814 Patrinonrm,
1656 3720 1778 3823 respice
1801 3743 1958 3793 mumioni

386 4042 426 4104 (l)
444 4040 475 4091 L.
495 4057 517 4090 a.
535 4057 561 4106 p.
581 4042 643 4093 668.

385 4130 524 4193 (²)1ffl1·
545 4130 564 4182 l.
585 4147 608 4182 c.
630 4148 656 4197 p.
681 4132 745 4194 1117,
775 4135 840 4196 lto,
869 4136 928 4190 tuo.
949 4153 1029 4190 roera
1048 4137 1080 4191 ab
1099 4153 1210 4189 romu
1228 4137 1296 4207 apud
1313 4150 1438 4189 aaronem
1457 4135 1477 4186 l.
1499 4150 1522 4184 a.
1543 4149 1569 4200 p.
1592 4131 1654 4185 123.

389 4219 428 4284 (3)
446 4220 494 4269 Cli.
512 4234 578 4282 qnae
595 4220 701 4271 diximus
718 4239 792 4289 ruprn
810 4241 836 4292 p.
856 4225 902 4281 ³4.

383 4400 422 4459 (tt)
441 4398 520 4447 Reate
541 4400 643 4462 quidem
663 4417 689 4450 aa
710 4401 805 4464 hebet,
832 4404 901 4468 qnod
922 4405 1027 4469 legimur
1048 4406 1115 4473 apud
1136 4420 1253 4458 turtur.
1272 4405 1292 4459 1.
1311 4420 1335 4457 e.
1352 4406 1423 4457 lom.
1441 4405 1465 4458 l.
1481 4420 1509 4471 p.
1528 4401 1589 4455 419.
1608 4402 1688 4454 uuor
1707 4401 1827 4452 tourtam
1843 4401 1869 4450 in
1893 4403 1958 4451 Ger-

364 4540 366 4544 ,
446 4491 539 4539 uranio
556 4489 632 4541 iniere
653 4492 771 4543 hmines
790 4497 921 4560 rqurtrr'r
938 4495 1061 4557 motum
1087 4496 1132 4547 ted
1149 4496 1211 4547 hino
1229 4512 1288 4550 non
1300 4497 1434 4560 requitur,
1458 4495 1509 4544 hoo
1524 4508 1634 4554 nomen,
1660 4492 1682 4542 ti
1708 4492 1822 4542 Catlrnrr'
1838 4490 1869 4541 'eo
1888 4491 1960 4542 dioe-

443 4581 547 4637 rentur,
567 4579 696 4632 bonorum
715 4583 868 4648 significante
883 4600 1063 4652 penetrarer,
1082 4589 1113 4637 ut
1128 4585 1293 4640 oonteuditur
1310 4585 1378 4656 aput
1396 4601 1475 4637 unu
1491 4588 1520 4637 et
1535 4598 1616 4636 uun
1633 4581 1653 4639 l.
1663 4597 1686 4636 r.
1704 4597 1730 4649 p.
1742 4581 1794 4632 ale
1810 4585 1837 4632 et
1852 4596 1959 4631 cornu

446 4666 464 4717 1.
485 4683 507 4718 c.
526 4683 553 4734 p.
572 4667 633 4721 465.
