4642 6224
1008 482 1086 568 117
1151 594 1158 607 Ι

238 805 323 893 vern
335 832 347 873 ,
377 778 510 881 ipsique
550 754 743 876 Alhigense's
781 772 826 847 nd
862 771 950 846 hanc
983 772 1150 847 familiam
1192 771 1415 873 pertinentes,
1453 802 1498 849 en
1544 801 1613 850 non
1657 790 1781 854 temere
1818 749 1839 853 e

239 935 462 1039 scriptoribus
496 931 644 1032 antiquis
676 928 929 1004 Manichaeismi
964 930 1020 1006 vel
1057 927 1268 1002 Gnosticismi
1305 933 1450 1005 accusati
1492 932 1581 1026 sint,
1616 934 1652 1007 in
1694 935 1837 1011 dubium
1958 946 1964 956 “

237 1093 379 1167 formose
407 1086 563 1162 nonnulli
599 1085 780 1164 vocabunt.
839 1083 895 1160 Ad
930 1084 1041 1163 levem
1074 1106 1242 1162 Anmxu
1271 1084 1553 1186 disputationem,
1588 1115 1654 1188 qun
1690 1090 1838 1165 Vahlen-

239 1273 289 1321 see
327 1258 362 1320 et
405 1242 560 1318 Paterini
592 1242 694 1315 iidem
733 1241 835 1314 luisse
872 1239 1140 1333 contenduntur,
1182 1239 1293 1314 denuo
1330 1267 1499 1315 recurrere
1536 1243 1704 1320 nolumus.
1767 1247 1838 1322 Nec

239 1403 417 1504 negotium
452 1398 538 1473 mihi
552 1484 557 1494 Ι
571 1397 704 1471 lacessit
739 1420 915 1472 cornuum
952 1396 1102 1490 dictum,
1148 1395 1267 1469 odioso
1298 1395 1570 1472 Manichaeorum
1602 1398 1740 1475 nomine
1771 1428 1840 1475 no-

240 1584 304 1635 vos
342 1557 449 1656 vulgo
485 1511 665 1654 insignitos
703 1577 775 1624 esse
810 1549 1027 1642 Haereticos,
1069 1551 1237 1650 seculique
1268 1553 1345 1627 XII
1381 1554 1583 1628 memoriam
1617 1557 1704 1630 nihil
1736 1558 1841 1632 offer·

239 1737 297 1805 re,
332 1710 426 1810 quod
462 1708 615 1783 surculos
650 1719 757 1780 sectae
794 1705 886 1777 illius
922 1705 1079 1804 antiquae
1113 1706 1193 1777 satis
1225 1706 1398 1827 evidenter
1433 1709 1558 1809 prodat
1579 1710 1650 1815 (l).
1707 1711 1773 1786 Sed
1805 1714 1839 1786 in

239 1892 378 1942 oensum
393 1926 401 1936 .
415 1863 470 1939 lric
500 1866 640 1938 omnino
675 1864 816 1939 veniunt
841 1860 1004 1936 nonnulle
1035 1861 1111 1937 loca
1145 1862 1329 1952 Veterum,
1366 1865 1491 1962 quibus
1526 1864 1681 1941 cachant
1716 1867 1840 1965 placita

240 2020 345 2094 tribui
358 2018 534 2112 ridentur,
558 2047 577 2092 e
598 2018 872 2095 Manichaeorum
889 2020 944 2095 vel
964 2017 1196 2092 Gnosticorum
1212 2017 1347 2121 placitis
1366 2045 1507 2119 prorsus
1528 2022 1646 2098 aliene.
1691 2023 1844 2097 Verum·

195 2175 198 2179 ’
239 2176 412 2253 enimvero
439 2175 522 2248 haec
551 2173 623 2247 loce
662 2187 795 2247 tentum
830 2174 1063 2248 difficultatem
1089 2175 1221 2272 perient
1244 2175 1296 2266 ei,
1326 2176 1385 2274 qui
1415 2176 1607 2249 meminisse
1635 2177 1843 2277 neglexerit,

243 2330 440 2406 Haereticos
462 2329 539 2403 illos
568 2328 686 2402 iisdem
712 2354 830 2426 saepe,
872 2355 958 2430 quas
983 2329 1132 2403 Ecclesia
1156 2334 1312 2404 Romana
1342 2331 1528 2432 probaret,
1562 2332 1696 2406 dicendi
1722 2334 1843 2409 formis

241 2511 320 2560 usos
340 2512 437 2576 esse,
469 2485 527 2558 sed
560 2485 706 2557 alienum
740 2508 875 2556 sensum
904 2482 1018 2561 verbis
1046 2484 1227 2583 subjecisse
1243 2484 1313 2584 (2).
1362 2486 1532 2586 Exemplo
1555 2486 1654 2561 nobis
1678 2488 1722 2560 sit
1749 2491 1844 2587 quod
1959 2541 1962 2547 -

243 2641 387 2741 legimus
417 2640 508 2741 epod
539 2663 783 2715 eonsensum
798 2637 877 2740 (3):
926 2638 985 2713 De
1009 2639 1178 2712 animabus
1203 2647 1406 2712 mortuoram
1440 2640 1536 2714 talem
1561 2640 1747 2713 senientiam
1779 2641 1844 2714 ha-

243 2797 333 2889 hmt,
357 2796 448 2898 qnod
473 2795 508 2867 in
532 2794 606 2896 ipsa
632 2795 716 2869 hora
735 2794 842 2868 cailan
864 2795 918 2867 sni
939 2795 989 2868 vel
1011 2803 1177 2870 transeant
1200 2795 1247 2870 ad
1269 2803 1432 2869 mennam
1454 2794 1702 2887 heah'tmlinem,
1725 2795 1776 2868 vel
1795 2799 1843 2870 ad

241 2960 405 3026 aeternam
426 2952 674 3028 damnationem.
723 2951 948 3026 Vehementer
971 2953 1037 3026 hoc
1055 2953 1193 3054 quidem
1213 2965 1313 3055 urget
1337 2949 1562 3053 Auntx(4);
1586 2951 1644 3025 sed
1664 2950 1840 3053 quomodo

242 3108 479 3219 explicandum
515 3111 583 3199 sit,
624 3110 695 3209 ipse
725 3091 843 3190 auctor
871 3109 961 3182 inlrn
995 3108 1117 3199 docet,
1147 3109 1208 3184 ubi
1236 3107 1428 3182 Haen'ticos
1455 3107 1584 3182 inducit
1610 3107 1843 3180 emanationem

242 3265 425 3338 animorum
454 3279 487 3337 et
514 3264 798 3367 metempsychosin
827 3265 1022 3364 profitentes
1039 3264 1111 3364 (5).
1160 3266 1358 3341 Mirandum
1391 3266 1498 3367 igitur
1536 3290 1607 3337 non
1639 3277 1711 3355 est,
1750 3221 1862 3337 houd·

244 3445 370 3519 paucos
395 3420 496 3492 luisse
524 3418 694 3519 catharos,
721 3421 780 3520 qni
811 3421 846 3493 in
871 3421 1023 3497 Ecclesia
1050 3436 1246 3517 manerent,
1265 3436 1300 3497 et
1321 3422 1376 3500 vel
1400 3420 1443 3496 ed
1469 3421 1726 3496 commonionem
1750 3419 1845 3495 Mis-

243 3600 298 3649 sae
321 3575 524 3651 accederent.
572 3575 662 3668 Hic,
694 3579 742 3650 eit
766 3603 950 3656 cottonem
966 3581 1047 3680 (6),
1077 3580 1109 3654 si
1124 3588 1265 3686 propter
1289 3579 1436 3681 alienam
1451 3573 1692 3650 *simulationem
1719 3572 1842 3646 accedit

243 3730 289 3803 ad
315 3739 460 3804 sanctam
484 3731 757 3826 communionem,
784 3734 849 3807 edit
876 3734 1009 3837 indigne
1037 3762 1157 3839 corpus
1186 3701 1347 3830 Domini,
1375 3740 1406 3805 et
1432 3757 1498 3806 non
1524 3729 1674 3803 descernit
1699 3726 1780 3800 illud
1800 3726 1843 3798 ah

243 3883 315 3958 aliis
344 3885 422 3959 echis
446 3913 507 3987 per
519 3887 624 3984 fidem
649 3887 874 3992 catholicam,
899 3900 929 3964 et
956 3865 1131 3965 manducat
1152 3917 1194 3963 ac
1223 3888 1301 3964 hrhit
1323 3887 1387 3963 sthi
1399 3886 1589 3991 judicium,
1617 3883 1654 3958 id
1679 3891 1745 3977 est,
1774 3882 1842 3956 eha-

272 4236 311 4303 (l)
330 4239 442 4296 Ιιιπιι,
464 4236 574 4301 Eirtary
591 4238 683 4302 astho
704 4239 818 4291 Choerch.
839 4240 896 4293 tot.
916 4241 965 4291 lll.
985 4255 1010 4305 p.
1031 4239 1090 4288 380.
1121 4238 1232 4288 Huncin.
1253 4238 1270 4288 l.
1293 4252 1314 4287 c.
1335 4252 1360 4300 p.
1380 4233 1442 4284 tot.

270 4328 310 4394 (2)
328 4329 367 4379 Cf.
387 4345 493 4380 nrccrrrr.
514 4328 533 4379 1.
554 4344 575 4379 c.
596 4345 622 4394 p.
641 4329 716 4381 m.

271 4417 529 4483 fflbmnffl.

270 4508 310 4573 ‹⁴›
327 4525 353 4573 r·
376 4509 423 4557 1⁶⁵
441 4523 498 4571 m·

270 4599 310 4663 (o)
328 4614 352 4662 p.
371 4597 440 4656 602,
459 4598 521 4648 632.

231 4712 233 4716 ·
271 4688 312 4755 (e)
331 4687 360 4741 t.
380 4704 403 4737 c.
421 4702 449 4752 p.
467 4687 529 4739 628.
