4568 6218
805 1132 1032 1322 CAPUT
1067 1211 1463 1318 POSTERIUS.
1556 1230 1559 1236 ’

510 1556 770 1657 QUOMODO
784 1561 1109 1638 vAmENsmM
1133 1560 1291 1635 SECTA
1313 1560 1377 1634 AB
1400 1557 1759 1638 ALBIGENSIBUS

704 1715 1083 1795 DISTINGUENDA
1107 1715 1209 1808 SIT,
1234 1714 1567 1794 OSTENDITUR.

1032 2055 1263 2084 Φ

1086 2364 1203 2498 §u

618 2708 912 2824 Praeporotio
940 2711 1001 2796 od
1029 2710 1256 2795 Valdensee
1280 2707 1333 2794 ob
1361 2709 1659 2822 Albigenaibuo

910 2881 1009 2966 bene
1037 2880 1368 2994 distinguendos.

413 3189 555 3340 capite
589 3242 755 3342 superiori
791 3244 962 3338 vidimus,
1001 3245 1212 3322 Valdensaiou
1245 3253 1365 3322 rectam
1397 3270 1511 3320 revera
1539 3243 1582 3319 ub
1615 3242 1845 3345 Attagenae
1870 3243 1941 3317 dis-

344 3393 551 3493 torquendum
585 3421 660 3472 ease.
711 3399 954 3476 Verumtamen
983 3402 1053 3477 duo
1077 3404 1164 3478 forte
1193 3404 1308 3479 mirati
1334 3416 1412 3476 suut
1439 3401 1600 3477 lectores:
1635 3401 1801 3500 alterumf,
1841 3398 1942 3474 Albi-

337 3548 487 3646 geosrirm
516 3553 835 3627 commemorationi
867 3557 1059 3656 saepissime
1083 3557 1251 3659 adjectam
1277 3584 1349 3634 esse
1369 3557 1553 3633 formulam
1575 3557 1636 3659 qui
1656 3556 1830 3644 &eunium
1854 3556 1942 3632 alte-

339 3731 434 3797 rum,
468 3705 511 3779 nd
543 3708 708 3782 Vetemm
738 3712 952 3804 testimonia,
982 3713 1110 3812 judicio
1140 3715 1249 3788 rarius
1281 3715 1501 3814 interposit0‚
1523 3713 1650 3788 factum
1675 3738 1748 3787 esse
1768 3710 1941 3786 conclusi-

342 3883 453 3936 onem.
503 3861 572 3937 Sed
607 3865 689 3938 satis
720 3864 808 3940 mihi
845 3882 938 3960 erat,
969 3894 1012 3943 ex
1034 3867 1089 3942 his
1121 3870 1323 3943 testimoniis
1346 3872 1514 3970 probare,
1545 3895 1664 3948 veram
1687 3869 1800 3942 iniisse
1826 3868 1937 3957 viam,

340 4013 400 4111 qui
429 4014 517 4090 inter
546 4020 722 4121 utriusque
749 4022 881 4123 generis
902 4020 1057 4097 homines
1081 4024 1272 4099 interfuisse
1294 4036 1487 4102 statuerent.
1537 4022 1631 4119 Quid
1655 4048 1737 4101 vero
1762 4022 1937 4110 intereos

341 4166 548 4261 interfuerit,
580 4171 647 4247 hoo
674 4177 857 4275 posteriori
878 4175 1023 4251 demum
1050 4178 1171 4278 Capite
1202 4179 1437 4281 explicandum
1467 4192 1527 4256 est.
1575 4179 1797 4280 Quapropter
1829 4178 1933 4253 etiam

338 4323 416 4422 plus
445 4324 568 4419 semel,
598 4353 642 4402 ne
679 4330 796 4406 locum
819 4331 966 4409 alienum
999 4360 1223 4437 oocupomm,
1253 4339 1441 4438 provocavi
1466 4335 1510 4412 ad
1545 4334 1810 4437 disputationem
1846 4336 1934 4410 infra

338 4479 540 4558 habendum.
588 4483 689 4560 Nunc
710 4485 816 4588 igitur
840 4489 1003 4568 ostordere
1033 4492 1194 4588 conabor,
1224 4492 1388 4595 quomodo
1418 4491 1629 4571 Vatdouam
1653 4499 1740 4567 secra
1765 4490 1808 4566 ob
1835 4489 1936 4568 Atti-

331 4633 489 4734 gaus
513 4637 741 4743 otum
757 4643 808 4720 a

337 4846 340 4851 .
1787 4804 1816 4881 9
