4642 6224
1048 415 1128 504 128

1005 771 1037 907 a
1075 779 1155 877 u.

831 1127 1056 1214 Conclusio
1089 1130 1339 1238 argumenti.

280 1475 334 1564 Ad
359 1486 485 1561 calcem
512 1476 750 1580 disputationis
773 1472 861 1548 baud
886 1472 1005 1546 inutile
1030 1473 1113 1562 erit,
1142 1473 1321 1572 praecipua
1348 1477 1422 1573 ejus
1448 1479 1559 1580 capita
1584 1479 1692 1556 verbo
1718 1501 1874 1588 repetem.

283 1640 521 1734 Quaestionem
553 1633 749 1733 vulgarem,
781 1641 894 1702 uuum
926 1625 1102 1701 Vallenses
1126 1640 1161 1700 et
1188 1626 1380 1729 Albtgemcs
1404 1631 1504 1707 iidem
1533 1634 1699 1730 habendi,
1725 1668 1768 1714 aa
1798 1671 1816 1716 a
1844 1669 1879 1719 sc

279 1796 426 1872 invicem
452 1787 679 1891 distinguendi
707 1787 798 1876 sint,
825 1783 872 1857 ita
897 1795 1128 1882 comparatam
1155 1807 1226 1881 esse
1254 1783 1425 1878 vidimus,
1452 1802 1490 1862 ut
1519 1790 1563 1864 ad
1590 1818 1689 1886 eam,
1727 1797 1791 1869 nisi
1803 1824 1879 1937 le-

280 1951 482 2050 stringatur,
517 1942 712 2048 responderi
741 1967 810 2015 non
837 1939 955 2040 possit.
1006 1938 1099 2012 Nihil
1129 1939 1285 2038 quidem,
1318 1942 1352 2013 ni
1380 1942 1497 2036 fallor,
1526 1949 1648 2020 certius
1674 1964 1744 2043 est,
1773 1977 1875 2051 quam

282 2105 463 2202 scriptores
490 2099 593 2173 medii
619 2099 692 2175 aevi
721 2096 845 2170 alteros
872 2093 916 2165 ab
942 2092 1054 2165 alteris
1080 2093 1185 2194 vulgo
1209 2093 1406 2170 discrevisse
1413 2124 1424 2190 3
1452 2097 1510 2171 sed
1536 2098 1746 2178 discernendi
1771 2108 1876 2199 ratio,

280 2283 385 2357 quam
411 2256 462 2328 illi
483 2254 593 2328 secuti
613 2264 711 2341 sunt,
740 2247 952 2326 vehementer
979 2246 1093 2321 differt
1121 2277 1141 2321 a
1164 2248 1313 2340 ratione,
1341 2276 1429 2352 quae
1460 2252 1632 2358 plerisque
1659 2255 1743 2334 viris
1770 2258 1878 2335 doctis

279 2411 504 2485 monadorum
536 2422 729 2507 temporum
763 2402 902 2504 placuit.
952 2400 1177 2523 albigensium
1209 2403 1315 2503 igitur
1350 2429 1475 2479 nomen
1507 2411 1647 2509 proprie
1680 2410 1878 2489 Haerclicor

278 2569 446 2669 siguificat
475 2565 657 2666 Albrgesii,
680 2562 716 2636 id
741 2574 809 2652 est,
834 2556 962 2632 Guttae
990 2555 1230 2651 Narbonensis,
1254 2583 1323 2660 quo
1353 2558 1529 2636 Valdenaes
1557 2589 1625 2637 una
1653 2592 1733 2640 cum
1759 2572 1877 2643 ceteris

280 2724 438 2796 omuibus
464 2717 799 2822 conprehendantur:
825 2729 926 2816 atque
951 2713 1016 2786 boc
1040 2714 1104 2785 sibi
1128 2712 1278 2788 volentes
1300 2716 1439 2791 Veteres
1461 2717 1629 2793 bastoniam
1651 2722 1875 2824 Albiqeusriem

279 2852 494 2978 scripserunt.
544 2873 789 2974 sedquoniam
815 2829 1066 2942 Haereticomm
1089 2867 1189 2964 liujus
1212 2871 1373 2969 regionis,
1400 2900 1478 2945 cum
1498 2874 1600 2977 longe
1622 2875 1778 2975 plurimi,
1799 2892 1873 2954 tum

280 3031 491 3106 audacissimi
517 3029 731 3129 pertinebant
755 3027 798 3100 ad
824 3025 988 3102 Calbaros
1000 3052 1014 3112 ,⁰
1041 3018 1126 3099 illud
1155 3027 1203 3098 ita
1229 3028 1429 3102 translatum
1454 3042 1529 3119 est,
1566 3043 1603 3103 ut
1633 3030 1674 3104 de
1709 3030 1762 3105 bis
1799 3036 1874 3108 uuis

280 3210 377 3284 saepe
404 3197 640 3283 usurparetur:
684 3185 761 3256 Hoc
788 3195 900 3254 autem
927 3180 1121 3254 discrimine
1143 3181 1276 3280 posito,
1309 3180 1486 3256 Voldemes
1512 3209 1553 3258 ex
1582 3185 1764 3261 Occidente
1791 3214 1876 3289 pro-

279 3340 374 3430 lectt,
403 3340 446 3412 ab
473 3338 731 3439 omniquidem
758 3351 854 3436 parte
881 3361 949 3408 nou
978 3334 1169 3435 probandi,
1198 3335 1257 3408 sed
1282 3335 1420 3438 Myrtoi
1446 3351 1557 3412 tamen
1586 3339 1678 3414 fuere
1702 3343 1874 3442 pusiolus,

264 3494 340 3594 qui
368 3494 559 3606 Literarum
589 3492 770 3566 Sacrorum
796 3492 949 3568 doctriua
976 3504 1010 3564 et
1032 3517 1091 3564 sua
1119 3490 1326 3565 illustrarent
1349 3505 1522 3594 tempora,
1548 3508 1583 3568 et
1611 3495 1750 3570 meliora
1773 3524 1876 3596 prae·

277 3661 445 3746 pararent.
496 3646 686 3747 Albt'penaes
712 3674 814 3739 vero,
841 3649 901 3751 qui
928 3649 1058 3721 Literas
1084 3648 1203 3722 Sacras
1233 3648 1375 3721 minoris
1400 3647 1578 3737 babentes,
1607 3650 1817 3723 Gnoslr‘ct'ami
1840 3667 1875 3725 et

278 3799 532 3877 Manichaelsmi
555 3800 680 3900 placita
707 3801 946 3900 Philosophiae
963 3802 1141 3901 principio
1167 3802 1393 3890 instruebant,
1421 3813 1456 3874 et
1484 3801 1725 3901 Mysticiaumm
1757 3805 1874 3904 impu-

278 3958 403 4029 riorem
424 3956 644 4047 inducebant,
662 3956 777 4029 minus
800 3954 983 4029 laudabiles
1001 3982 1035 4028 se
1050 3956 1297 4054 praestiterunt.
1321 3959 1563 4030 Verumtamen
1583 3971 1622 4031 ut
1634 3958 1875 4058 Mysiam

278 4110 334 4184 ille
357 4110 567 4212 gravissimis
590 4110 764 4185 erroribus
783 4110 968 4201 admixtus,
988 4112 1057 4185 nul
1080 4136 1158 4184 cum
1173 4110 1256 4208 ipsis
1271 4114 1368 4183 sectis
1380 4113 1453 4208 ejus
1467 4110 1683 4202 fautricibus,
1705 4114 1871 4213 paulatim

277 4264 361 4340 adeo
375 4265 517 4355 interiit,
537 4277 576 4338 ut
589 4291 632 4337 nc
645 4265 785 4367 vestigia
797 4268 870 4364 ejus
883 4264 1030 4367 amplius
1048 4266 1083 4338 in
1099 4264 1282 4339 Occidente
1296 4277 1527 4360 cernerentur,
1542 4265 1590 4339 sic
1603 4279 1737 4342 suenus
1751 4293 1873 4370 super-

278 4419 424 4493 stitionis
446 4419 614 4494 Ecclesiae
636 4423 808 4493 Romanae
832 4421 1061 4521 oppugnatio,
1090 4446 1156 4520 qua
1185 4417 1397 4492 Valdeusibus
1419 4412 1739 4516 praeibant,rebus
1766 4424 1873 4500 ctri-

279 4572 397 4646 stiauis
426 4573 618 4646 uberrimos
641 4572 794 4648 utilitatis
813 4573 941 4649 fructus
967 4576 1107 4676 peperit.
1147 4577 1242 4670 Quae
1270 4601 1348 4650 curn
1366 4576 1420 4649 ita
1442 4574 1530 4668 siat,
1552 4574 1775 4652 dubitandum
1804 4606 1872 4656 nou

1683 4737 1755 4810 16*
