4642 6224
1127 449 1183 534 32

365 750 599 852 nopolitanum
630 745 720 818 edito
760 742 833 842 (1).
881 741 964 814 Jam
997 739 1051 814 his
1080 739 1254 838 probatis,
1280 740 1457 837 sequitur,
1489 736 1676 839 Pcasagios
1705 767 1774 815 non
1805 745 1840 815 in
1865 744 1963 819 Italia

360 905 521 977 exstitisse
545 902 626 1001 (2),
650 900 708 971 sed
731 924 773 972 ex
795 897 935 969 Oriente
956 877 992 968 in
1011 893 1228 967 Occidentem
1253 895 1456 991 pervenisse.
1496 894 1673 996 Quidquid
1696 877 1869 996 hujus'rei
1888 914 1962 992 est,

359 1057 504 1129 refutare
538 1078 606 1127 non
645 1077 774 1127 necesse
801 1050 866 1124 erit
895 1048 990 1148 quod
1019 1047 1190 1121 contendit
1219 1055 1421 1123 L’nustrrr
1458 1051 1540 1150 (3),
1566 1049 1813 1153 Passcgr'orum
1836 1080 1961 1131 nomen

359 1212 446 1283 inter
464 1235 505 1283 ec
527 1209 648 1300 luisse,
673 1207 796 1307 quibus
826 1202 1002 1278 Valdenses
1028 1201 1228 1279 dicerentur.
1260 1207 1312 1278 Ita
1335 1218 1370 1278 et
1395 1232 1414 1276 a
1439 1202 1653 1279 Valdenatau
1677 1233 1811 1307 semper
1835 1208 1959 1284 distin-

358 1380 510 1466 guuntur
533 1362 713 1452 Iovinmni,
738 1386 862 1434 nomen
887 1359 998 1432 sortiti
1021 1386 1040 1430 a
1063 1380 1297 1450 rovrnrtrtc,
1321 1360 1489 1434 monacho
1511 1360 1729 1434 celeberrimo
1757 1363 1858 1436 seculi
1883 1367 1956 1455 lv,

358 1523 420 1622 qui
442 1522 531 1597 vitae
555 1518 721 1593 solitariae
744 1542 779 1588 se
804 1516 966 1616 opposuit
991 1513 1064 1614 (4).
1114 1515 1536 1615 Rs1rsnoauctorc(5)
1561 1515 1734 1608 dixerunt,
1759 1518 1845 1591 nilit
1871 1521 1959 1594 inter

358 1676 510 1774 virgines
533 1687 568 1746 et
589 1685 713 1773 nuptas
741 1673 909 1746 interesse.
960 1671 1121 1743 Ceterum
1146 1668 1188 1742 de
1212 1669 1344 1770 placitis
1370 1694 1493 1742 eorum
1521 1669 1606 1741 nihil
1630 1671 1713 1742 certi
1736 1670 1804 1744 dici
1827 1686 1955 1770 potest,

356 1853 566 1928 quamquam
588 1855 654 1900 una
674 1835 753 1900 cum
767 1824 936 1897 Poterinis
950 1837 983 1898 et
997 1824 1148 1923 Begorra
1163 1835 1392 1916 recensentur,
1408 1825 1457 1895 uti
1481 1821 1572 1922 apud
1592 1844 1855 1901 utrumnum
1877 1826 1957 1900 Po-

357 1986 469 2058 n'sr'um
490 1984 570 2084 (6),
595 2007 699 2083 quare
721 1982 832 2054 obiter
855 2005 913 2052 eos
936 1980 1084 2078 attigisse
1104 1978 1258 2058 sufficiat.

403 2138 516 2213 Multo
552 2137 663 2236 magis
703 2135 759 2208 hic
791 2137 826 2206 in
859 2160 998 2208 censum
1035 2135 1175 2211 veniunt
1201 2133 1326 2207 Arroni
1337 2186 1348 2225 ,
1372 2134 1414 2206 de
1442 2134 1566 2235 quibus
1586 2145 1723 2224 tamen,
1744 2159 1824 2206 cum
1852 2135 1956 2234 vulgo

355 2294 437 2366 satis
464 2291 592 2391 cogniti
619 2292 708 2382 sint,
734 2290 871 2389 copiosa
896 2316 966 2362 uon
991 2291 1181 2388 requiratur
1204 2289 1400 2389 disputatio.
1449 2289 1559 2364 Unice
1581 2287 1768 2362 notandum
1792 2304 1863 2382 cst,
1892 2291 1956 2363 hoc

357 2448 493 2519 nomine
527 2471 597 2518 non
631 2444 741 2518 sclurn
773 2443 1014 2543 comprehendi
1041 2456 1248 2544 quotquota
1274 2444 1436 2517 sententia
1458 2443 1701 2519 Calliclicorum
1729 2442 1770 2515 de
1799 2443 1957 2517 Triuitute

359 2602 469 2700 magis
491 2602 646 2676 minusve
676 2598 718 2672 ad
741 2601 833 2689 Anu
859 2611 972 2697 partes
999 2598 1220 2691 desciverint,
1245 2598 1360 2700 quales
1383 2600 1536 2675 homines
1559 2602 1596 2673 in
1615 2598 1798 2673 Occidente
1821 2626 1956 2701 quoque

276 2859 280 2868 Ι
355 2781 529 2855 nunquam
548 2755 648 2856 plane
672 2755 775 2828 deleri
788 2767 971 2854 potueruut
982 2782 993 2850 3
1018 2755 1075 2827 sed
1094 2756 1289 2855 ignorantie
1303 2757 1405 2828 etiam
1418 2754 1473 2831 vel
1489 2755 1697 2854 malignitate
1710 2752 1956 2827 monachorum

354 2909 607 2985 Manichaetsmi
633 2909 776 2982 crimine
804 2920 960 2982 oneratos
987 2934 1081 3001 esse,
1114 2913 1174 3009 qui
1202 2911 1269 2988 viri
1294 2910 1384 2982 illius
1410 2911 1534 3009 placita
1558 2908 1811 3013 quodammodo
1836 2934 1958 3008 seque-

356 3077 481 3138 rentur.
507 3063 578 3162 (7).
627 3063 750 3136 Amani
775 3077 885 3137 autem
913 3090 992 3136 cum
1018 3063 1224 3159 Haereticis,
1248 3091 1396 3165 quorum
1420 3068 1508 3140 ratio
1532 3095 1550 3140 a
1574 3067 1673 3138 nobis
1695 3068 1874 3167 praecipue
1892 3066 1956 3138 ha-

356 3218 466 3291 benda
494 3230 566 3308 est,
590 3218 816 3309 conveniunt,
842 3232 1006 3318 quatenus
1033 3219 1261 3319 disceptarunt
1280 3247 1360 3293 cum
1384 3221 1533 3294 Ecclesia
1560 3220 1601 3295 de
1630 3221 1730 3293 rebus
1756 3220 1956 3319 intelligibi-

357 3373 456 3447 libus.
505 3370 701 3446 Haereticos
733 3372 876 3447 dicimus
907 3374 1129 3450 Cuthcromm
1161 3402 1285 3449 nomen
1321 3378 1482 3466 sortitos,
1517 3401 1604 3475 quos
1641 3401 1792 3476 quonam
1822 3376 1901 3449 loco
1921 3388 1955 3448 et

358 3553 498 3603 numero
520 3528 698 3627 scriptores
720 3528 824 3601 medii
850 3531 924 3606 aevi
944 3529 1144 3621 habuerint,
1169 3530 1348 3630 diligenter
1377 3558 1468 3603 nunc
1495 3532 1664 3629 inquirere
1688 3545 1833 3633 oportet.

407 3682 499 3773 Quid
537 3683 717 3780 scriptores
748 3682 850 3755 medii
880 3685 953 3760 aevi
982 3684 1047 3755 sihi
1077 3684 1271 3777 voluerint,
1305 3685 1346 3758 de
1374 3684 1529 3760 Catlmris
1555 3684 1752 3785 loquentes,
1779 3687 1953 3759 recentiori

387 4020 427 4085 (l)
444 4020 491 4069 Cll.
511 4034 596 4068 rrrrr.
616 4019 686 4068 Tcm.
706 4019 773 4068 xlx.
792 4034 818 4083 p.
837 4018 899 4069 818.
920 4025 947 4068 et
967 4021 1118 4071 Glrcnr'ccrr
1139 4021 1302 4072 Turonorum.
1321 4039 1348 4087 p.
1369 4025 1444 4074 100³.
1464 4025 1492 4072 lt.
1511 4024 1538 4072 G.
1667 4084 1672 4090 ι

389 4110 428 4175 (2)
447 4111 485 4159 ct.
506 4124 658 4158 circntrror
675 4107 791 4167 ductor,
812 4108 880 4158 tter.
900 4108 1007 4161 Mittor.
1029 4114 1088 4176 Cap.
1109 4111 1152 4164 41.
1171 4112 1237 4176 apud
1255 4129 1424 4163 rustrourcn.
1446 4113 1464 4162 l.
1487 4129 1509 4163 c.
1528 4127 1553 4176 p.
1573 4111 1631 4160 ota.
1650 4113 1727 4175 Quem
1746 4112 1830 4161 locum
1848 4127 1961 4162 sisinn

450 4216 476 4264 p.
496 4199 556 4248 550.
576 4199 653 4247 etiam
670 4200 791 4257 nourin,
815 4213 886 4248 cuam
904 4215 963 4250 vero
981 4203 1019 4249 vir
1036 4201 1127 4251 doctus
1144 4217 1196 4249 non
1213 4201 1276 4250 dixit
1293 4204 1454 4252 sententium.

389 4289 428 4355 (3)
447 4289 565 4338 llr'rtor‘rc
581 4289 619 4337 dn
637 4284 744 4338 Concita
761 4291 792 4337 dc
810 4289 882 4341 Pice.
902 4290 971 4339 Tcm.
991 4292 1026 4341 ll.
1045 4308 1071 4356 p.
1091 4291 1134 4341 49.

389 4380 428 4444 (4)
446 4379 483 4429 Cf.
503 4379 570 4427 liber
586 4380 617 4428 dc
635 4379 793 4429 dioecesibus
809 4380 876 4445 apud
892 4396 1008 4433 rtrrorn.
1028 4397 1089 4447 opp.
1110 4397 1184 4431 corr.
1203 4382 1273 4431 Tom.
1293 4382 1315 4431 l.
1335 4397 1360 4445 p.
1379 4381 1440 4430 292.

279 4474 281 4478 “
368 4490 371 4495 ·
390 4469 429 4534 (⁵)
447 4468 478 4518 t.
499 4484 520 4516 c.
540 4484 566 4532 p.
584 4466 645 4519 272.

393 4558 433 4623 (6)
451 4557 551 4606 dictor.
570 4558 607 4606 od
622 4572 686 4608 ann.
708 4558 782 4608 ttto.
802 4575 828 4623 p.
847 4560 907 4609 664.

393 4647 432 4713 (7)
449 4648 496 4699 cll.
516 4662 603 4697 raetos
620 4646 651 4696 cd
669 4663 770 4699 rrrouu
788 4649 917 4702 Annales.
933 4651 1003 4714 Tum,
1023 4651 1089 4705 xlx.
1108 4667 1135 4718 p.
1153 4648 1220 4713 497,
1244 4650 1305 4703 498.
1341 4653 1490 4704 huonis.
1509 4655 1577 4702 Tcm.
1598 4652 1685 4703 xllx.
1705 4667 1731 4716 p.
1751 4649 1818 4712 507,
1841 4651 1905 4701 508.
