4642 6224
1128 431 1185 520 80

362 733 487 813 sarrire
510 728 731 832 reperiebant.
762 726 852 800 Hinc
875 734 989 797 autem
1010 722 1139 797 factum
1162 735 1230 814 est,
1254 735 1293 797 nt
1314 747 1406 799 nuuc
1423 723 1614 819 Haeretici,
1639 726 1861 804 Catlaororaon
1883 731 1962 834 ph.

361 890 427 961 cita
455 897 650 985 sequentes,
683 881 857 980 apotiori
888 891 1006 979 parte,
1040 877 1109 953 dici
1142 879 1327 979 inciperent
1357 879 1560 982 Albigemes.
1609 884 1722 986 Atque
1755 886 1804 960 sio
1836 911 1961 961 nomeu

359 1039 466 1131 illud,
491 1064 553 1138 per
581 1061 616 1111 se
645 1036 711 1108 late
736 1046 855 1135 patens
878 1046 913 1106 et
940 1032 1008 1108 buo
1034 1059 1143 1135 usque
1169 1032 1211 1107 de
1235 1034 1401 1112 universis
1428 1035 1617 1111 Haereticis
1641 1037 1772 1114 Guttae
1797 1040 1962 1115 meridio-

360 1194 444 1266 nalis
476 1205 701 1291 usurpatum,
735 1189 977 1263 restrictiorem
1009 1190 1187 1263 notionem
1216 1191 1354 1291 accepit.
1404 1193 1459 1266 lta
1491 1205 1580 1266 certe
1608 1219 1730 1271 rocem
1762 1207 1962 1298 usurpatam

358 1348 546 1448 reperimus
573 1346 664 1446 apud
692 1368 933 1421 srrruauuna
961 1344 1001 1417 de
1027 1343 1184 1418 Barbarae
1212 1345 1247 1416 in
1272 1342 1349 1417 loeo
1376 1344 1479 1419 allato
1503 1374 1523 1419 a
1551 1371 1770 1425 otusrunuo
1795 1351 1873 1451 (l),
1902 1350 1963 1426 ubi

360 1502 499 1576 nomina
527 1498 750 1576 Cothoromm
772 1511 807 1572 et
831 1497 1061 1599 Albigcnsium
1082 1511 1122 1572 ut
1144 1498 1295 1599 ejusdem
1321 1501 1576 1600 significationis
1600 1514 1847 1604 permutantur.
1886 1500 1962 1578 Eo'-

360 1656 437 1729 dem
465 1666 593 1755 spectat
619 1677 787 1730 narnnur
818 1653 1070 1765 testimouium,
1095 1655 1243 1730 sedecim
1275 1681 1348 1731 esse
1369 1655 1535 1731 Ecclesias
1559 1657 1802 1750 cumromm,
1836 1659 1962 1757 quibus

359 1811 439 1884 insit
462 1807 612 1884 Ecclesia
636 1807 835 1908 Albrgensrk.
884 1809 1069 1885 Auctorem
1093 1809 1187 1884 enim
1208 1810 1251 1884 de
1272 1811 1423 1887 Ecclesia
1444 1812 1541 1911 loqui
1563 1811 1692 1887 Galliae
1713 1811 1962 1904 meridionalis,

357 1965 578 2064 intelligimus
606 1990 647 2036 ex
671 1963 883 2064 appositione
909 1963 1078 2040 Ecclesiae
1110 1964 1294 2040 Tolosoncc
1319 1978 1355 2039 et
1385 1965 1757 2067 carcassonensem).
1806 1967 1963 2044 arbem
2062 1988 2065 1992 ·

359 2135 473 2194 tamen
493 2119 677 2193 tenendum
703 2132 776 2210 est,
811 2118 1038 2219 Albigenaium
1065 2121 1196 2193 nomini
1225 2120 1313 2194 banc
1340 2119 1581 2193 restrictiorem
1607 2121 1783 2194 notionem
1802 2145 1873 2195 uon
1897 2120 1962 2195 da-

358 2292 429 2352 tam
456 2300 526 2348 esse
556 2274 599 2347 ab
626 2275 734 2349 initio.
784 2272 888 2366 Quod
911 2299 991 2347 cum
1015 2275 1160 2348 maxime
1189 2274 1310 2348 docere
1337 2273 1497 2353 videntur
1523 2273 1604 2346 libri
1629 2298 1751 2349 rum
1777 2273 1960 2367 Macati,

359 2457 579 2509 emulemur
608 2430 648 2503 de
676 2429 790 2504 Pedio
819 2428 998 2504 Laurentii
1023 2442 1058 2501 et
1083 2429 1296 2528 aequalium,
1330 2428 1517 2503 Hacrcticis
1549 2441 1682 2501 tantum
1712 2429 1963 2521 memorandis,

357 2613 527 2689 nusquam
555 2612 658 2678 vero,
691 2599 731 2659 ut
757 2588 827 2684 jam
854 2610 957 2684 supra
987 2585 1116 2658 dictum
1147 2597 1218 2675 est,
1253 2583 1494 2686 Albigeusibus.
1545 2583 1613 2658 Sed
1644 2583 1762 2657 iisdem
1789 2611 1829 2658 ex
1863 2584 1962 2658 libris

355 2743 465 2843 probe
491 2743 731 2842 intelligimus,
764 2741 910 2842 turpiter
942 2764 1069 2815 errasse
1102 2763 1367 2816 ammentum
1397 2739 1618 2813 scribentem:
1653 2738 1874 2814 Cularonem
1901 2764 1962 2810 ne-

351 2898 566 2995 fandissimos
594 2899 738 2970 Ιιαενωες
765 2904 897 2996 posteo,
931 2920 1019 2969 anuo
1055 2892 1283 2987 MCCXVI,
1318 2895 1522 3000 amplexator
1555 2919 1622 2968 csse
1657 2891 1867 2994 Albigenscs,
1906 2895 1965 2995 qui

360 3054 544 3128 comiatum
570 3051 770 3126 Tolosanum
797 3077 839 3123 oc
861 3051 1021 3152 plurime
1050 3050 1181 3123 Guttae
1202 3049 1298 3124 urbes
1325 3074 1445 3123 veneno
1470 3075 1530 3123 saro
1554 3049 1682 3146 infime
1705 3045 1904 3152 reperiret(
1933 3046 1960 3144 )

358 3208 417 3283 Illi
443 3208 534 3280 euim
563 3205 664 3278 nobis
690 3206 843 3279 unanimi
872 3230 1039 3281 consensu
1067 3220 1228 3298 narrant,
1260 3206 1386 3281 milites
1419 3207 1715 3306 crucesignatos,
1747 3230 1854 3306 quam
1885 3203 1964 3307 pri-

359 3389 455 3436 mum
483 3361 688 3461 Albtgesium
715 3362 943 3461 attingerent,
974 3363 1045 3459 jam
1082 3363 1209 3438 multos
1243 3362 1282 3433 in
1313 3361 1467 3436 homines
1493 3359 1668 3451 incidisse,
1702 3357 1962 3433 Manichaeismo

361 3519 417 3594 rel
444 3515 659 3592 Gnosticismo
679 3497 825 3596 deditos.
873 3515 1077 3592 Praesertim
1103 3516 1297 3615 gravissimi
1324 3514 1485 3618 ponderis
1510 3526 1560 3588 est
1585 3513 1818 3587 testimonium
1840 3535 1961 3589 rerer

362 3669 544 3762 Monate,
570 3673 668 3771 cujus
693 3671 880 3774 scriptum,
914 3695 994 3745 cum
1021 3693 1264 3746 muoceurro
1292 3671 1352 3745 111
1376 3667 1527 3742 dicatum
1553 3667 1619 3760 sit,
1653 3667 1743 3742 baud
1769 3667 1962 3741 recentioris

360 3826 527 3926 temporis
555 3851 658 3925 quarn
682 3828 760 3901 anni
784 3809 1007 3919 MCCXVI,
1032 3850 1104 3928 quo
1129 3824 1288 3902 Pontifex
1316 3823 1373 3900 ille
1398 3838 1554 3901 mortuus
1579 3836 1649 3917 est,
1677 3847 1749 3897 essa
1772 3846 1870 3923 posse
1892 3846 1960 3896 no-

365 3981 488 4057 vimus.
538 3982 585 4055 Et
610 3980 697 4052 infra
723 3980 956 4073 ostendemus,
991 3983 1061 4079 jam
1091 3981 1203 4055 seculo
1231 3982 1308 4058 XII
1334 3981 1371 4054 in
1398 3980 1510 4054 Gallia
1536 3977 1750 4054 meridionali
1776 3977 1856 4052 satis
1885 4003 1963 4053 ma-

365 4160 468 4235 gnam
493 4133 623 4234 degisse
645 4133 782 4235 copiam
805 4132 1080 4230 Hoerdicomm,
1103 4137 1165 4237 qui
1192 4134 1416 4212 Catltororum
1438 4134 1561 4235 placita
1585 4144 1812 4236 sequerentur.

398 4459 438 4528 (l)
456 4458 488 4509 t.
507 4474 531 4509 c.
550 4475 576 4524 p.
596 4457 657 4510 599.

397 4548 437 4615 (2)
453 4550 559 4600 lterum
580 4547 689 4599 Sammo
705 4548 727 4601 t.
745 4565 769 4604 a.
787 4564 814 4620 p.
835 4548 912 4622 1707,
947 4551 988 4604 ci.
1008 4549 1079 4605 ortt.
1100 4549 1177 4605 Patr.
1197 4549 1267 4605 tom.
1286 4549 1361 4606 XXV.
1380 4565 1406 4621 p.
1424 4550 1487 4609 269.

396 4636 436 4703 β)
453 4637 528 4705 Apud
545 4637 664 4691 n’rtmr
681 4637 702 4691 t.
721 4653 745 4694 ο.
