4642 6224
1019 360 1235 505 aa*

248 720 309 819 qui
345 717 529 804 dicuntur,
552 709 806 787 discernendam
832 733 914 790 esse.
964 709 1065 783 Haud
1094 689 1216 783 acriter
1239 710 1380 783 fortasse
1408 710 1605 810 reprehendi
1628 738 1793 805 mererer,
1820 715 1848 787 si

207 863 213 878 ’
248 872 306 945 bic
331 871 440 971 priori
469 866 705 968 disputationis
733 865 845 963 Capiti
869 865 973 938 finem
1000 866 1223 964 imponerem.
1248 865 1316 940 Sed
1338 878 1377 938 ut
1402 868 1593 965 argumenti
1621 840 1707 942 ratio
1739 883 1847 961 vetat,

250 1051 292 1097 ne
322 1036 429 1098 sectae
457 1022 547 1096 illius
580 1022 721 1095 historia
745 1019 877 1093 silentio
901 1022 1211 1120 praetermittatur3
1235 1022 1284 1095 sic
1310 1046 1349 1094 ea
1378 1019 1546 1094 hocloco
1573 1020 1768 1120 attingenda
1792 1023 1851 1099 vi-

248 1180 368 1270 detur,
394 1178 552 1277 quonium
582 1177 681 1248 nobis
710 1177 848 1275 praebet
872 1203 959 1276 quae
982 1203 1082 1276 supra
1110 1177 1211 1251 dictis
1240 1176 1376 1278 pondus
1401 1188 1437 1249 et
1459 1188 1672 1249 momentum
1696 1174 1846 1250 afferant.

247 1339 294 1408 Et
320 1332 383 1405 tria
409 1331 558 1433 quidem·
573 1330 717 1404 maxime
744 1344 823 1405 sunt
848 1331 1102 1408 consideranda.
1150 1333 1307 1406 Primum
1339 1330 1579 1431 inquirendum
1603 1342 1654 1402 est
1680 1330 1715 1401 in
1745 1343 1853 1403 sectae

249 1488 429 1588 originem
463 1484 583 1560 deinde
612 1486 647 1558 in
677 1485 832 1559 sortiendi
865 1495 895 1559 el
923 1486 1044 1588 opendi
1067 1486 1250 1580 rollonem,
1275 1512 1361 1586 qum
1388 1487 1421 1559 ei
1443 1486 1627 1580 tribuitur5
1650 1483 1792 1583 denique
1815 1487 1852 1559 iu

247 1641 437 1732 contentius,
466 1667 550 1740 quus
579 1639 806 1714 recenlioribus
829 1642 1025 1745 temporibus
1045 1641 1172 1741 fovisse
1195 1641 1347 1718 trudelur.
1398 1643 1491 1716 Haec
1520 1640 1653 1740 singula
1682 1654 1793 1713 autem
1825 1643 1853 1712 si

245 1811 454 1872 concurrunt
482 1795 525 1870 ud
550 1796 756 1896 probitatem
784 1822 922 1888 causae,
946 1824 1053 1900 quam
1082 1797 1312 1895 suscepimus,
1336 1794 1605 1870 confirmandum
1617 1822 1628 1890 3
1653 1795 1724 1869 sine
1750 1790 1849 1869 scruss

248 1955 330 2054 pulo
357 1914 501 2027 statuere
523 1953 710 2051 poterimus
734 1952 832 2057 quod
852 1978 955 2051 supra
982 1953 1133 2051 positum
1156 1963 1222 2025 est:
1250 1949 1461 2024 Voldensium
1483 1959 1602 2025 salum
1621 1950 1663 2025 ab
1692 1948 1854 2052 Albigero-

247 2108 351 2200 ribus,
374 2107 435 2209 qui
453 2106 626 2197 denum,
652 2104 896 2181 discurrendum
924 2130 1011 2196 esse,
1035 2105 1206 2204 confimat
1224 2105 1294 2207 q'us
1315 2103 1482 2180 timont.

911 2361 1129 2495 sn.

372 2624 442 2708 Ec
472 2620 607 2706 secute
639 2618 911 2704 Valdeusium
938 2622 1111 2731 origine
1127 2610 1254 2702 'iuter
1280 2621 1389 2705 tanc
1418 2634 1458 2707 et
1483 2622 1730 2735 Albigeuses

745 2802 747 2806 ’
790 2788 995 2873 interesse
1022 2789 1315 2904 intelliqimus.
1434 2788 1444 2797 “

297 3036 594 3133 Quemadmodum
619 3036 805 3110 multarum
832 2988 948 3110 rerum
974 3049 1095 3110 nature
1118 3037 1216 3112 facile
1244 3038 1483 3140 cognoscitur,
1508 3039 1537 3111 si
1564 3051 1675 3113 mente
1697 3053 1857 3140 penetra·

116 3161 124 3172 .
248 3222 325 3269 mus
360 3193 404 3270 ad
432 3193 621 3296 principia,
656 3191 747 3266 unde
780 3191 935 3294 prosectu
969 3204 1071 3289 sunt;
1104 3192 1151 3266 itu
1180 3217 1224 3266 ex
1248 3201 1350 3268 coeloe
1379 3192 1590 3268 Volleusritm
1619 3193 1746 3296 on'gr'ne
1772 3195 1854 3271 inter
1894 3202 1902 3213 ’

251 3349 335 3423 huuc
358 3357 388 3423 el
410 3347 603 3450 Albigenses
626 3346 775 3420 emese
796 3345 1011 3448 intelligimus.

299 3503 460 3578 Vidimus
495 3528 598 3604 supra
634 3508 649 3602 (
679 3503 694 3600 )
727 3503 828 3577 fuisse
861 3502 957 3579 viros
989 3501 1131 3597 doctos,
1155 3505 1215 3606 qui
1247 3501 1458 3580 Voldensium
1481 3517 1606 3580 scotum
1631 3531 1673 3581 ex
1701 3453 1855 3610 inequi-

250 3675 318 3736 tate
348 3662 531 3736 remotiore
568 3616 766 3761 provenisse
807 3659 1058 3737 contenderent.
1108 3660 1243 3756 Quibus
1276 3634 1381 3762 igilur
1419 3661 1448 3737 si
1484 3661 1568 3736 fides
1596 3675 1669 3753 est,
1707 3675 1851 3738 statuere

249 3815 409 3892 debemus
444 3815 616 3906 homines,
645 3813 689 3888 ad
715 3813 803 3890 bano
835 3828 961 3889 sectum
996 3816 1222 3915 pertinentes,
1253 3815 1298 3888 ab
1321 3785 1586 3918 Apostolorum,
1610 3815 1666 3894 rel
1685 3815 1805 3891 saltem
1832 3844 1852 3890 a

252 3995 462 4048 srnvusuru
483 3970 653 4072 'tempore
682 3970 753 4069 jum
782 3970 971 4067 exstitisse3
994 3997 1055 4071 per
1083 3970 1190 4045 multa
1218 3968 1329 4044 seculo
1354 3971 1393 4043 in
1418 3969 1586 4065 Vollibus,
1610 3998 1694 4072 quus
1720 3971 1851 4046 incole-

251 4139 345 4217 rent,
376 4138 410 4199 et
441 4125 529 4200 unde
570 4152 695 4202 nomen
722 4126 905 4222 haberent,
928 4125 1079 4223 tatdsse3
1112 4146 1360 4230 cununroque
1386 4126 1545 4227 inprimis
1576 4126 1760 4203 Turonensi
1786 4154 1850 4201 au-

138 4370 141 4377 ,
250 4296 344 4358 ctore
371 4294 406 4355 et
433 4279 589 4381 deinceps
616 4284 722 4360 variis
751 4285 851 4361 sectis
871 4282 1123 4394 adjutricibus,
1156 4284 1325 4362 Ecclesiae
1357 4288 1532 4364 Romanae
1562 4311 1598 4362 se
1634 4287 1851 4386 opposuisse,

278 4641 319 4707 (ι)
337 4638 349 4707 ς
367 4640 393 4690 a.
413 4656 439 4707 p.
458 4637 492 4701 7,
511 4639 540 4689 e.
