4642 6224
1015 470 1092 562 tol

245 797 325 849 mus
354 764 674 859 animadvertendo,
705 775 883 839 sectatores
909 764 1004 861 ejus,
1035 761 1208 863 usquead
1233 762 1293 837 ille
1323 775 1497 864 temporo,
1518 788 1581 840 nee
1603 723 1763 862 nomine,
1783 798 1852 872 quo

246 927 552 1027 distinguerentur,
589 922 756 1024 seipsos,
779 931 945 1023 quantum
970 919 1113 1012 scimus,
1134 917 1284 1011 dixisse,
1306 944 1417 1020 neque
1439 918 1523 998 illud
1542 917 1650 995 luridis
1675 924 1730 1001 uel
1753 925 1844 1002 ritu-

247 1081 432 1182 perationis
459 1105 558 1153 cause
578 1077 622 1153 eb
650 1076 724 1157 aliis
749 1075 925 1176 occepisse.

302 1233 527 1312 cetetonem
554 1232 707 1331 trajectio
729 1231 765 1303 iu
793 1229 1010 1306 Occidentem
1034 1229 1147 1304 seculo
1172 1230 1248 1307 XII
1275 1229 1362 1305 Iacto
1382 1243 1444 1308 est.
1493 1230 1561 1306 set
1579 1243 1618 1306 ut
1640 1257 1757 1308 causas
1779 1239 1852 1334 ejus

251 1402 287 1465 et
319 1390 464 1465 rationes
502 1389 588 1464 bene
620 1387 888 1490 perspiciamus,
920 1385 1103 1486 cogitando
1128 1387 1252 1465 reverti
1275 1385 1436 1461 debemus
1459 1383 1504 1461 ed
1529 1389 1717 1490 Imperium
1740 1390 1852 1464 Grae-

250 1569 340 1623 cum.
369 1546 493 1645 Regno
513 1543 662 1643 potitam
683 1539 838 1619 videmus
865 1541 1121 1617 Comneuorum
1147 1554 1302 1642 gentem,
1325 1555 1360 1615 et
1386 1542 1525 1643 quidem
1554 1562 1754 1620 Aunxrurn.
1787 1544 1850 1621 Ille

251 1710 363 1774 eutem
397 1712 437 1774 ut
465 1699 522 1775 rir
550 1696 724 1798 religionis
749 1695 857 1773 avitae
879 1697 1130 1787 tenacissimus,
1164 1697 1210 1771 ita
1242 1697 1426 1772 acerrimus
1454 1695 1709 1771 Haeretieorum
1735 1724 1851 1799 oppu-

251 1868 375 1956 gnator
412 1867 497 1932 eret.
546 1852 650 1944 Quod
686 1853 758 1950 jem
783 1850 886 1951 longe
914 1863 991 1929 ente
1024 1851 1126 1925 seculi
1159 1853 1289 1926 exitum
1320 1853 1476 1954 patefecit
1502 1853 1536 1927 in
1569 1854 1848 1928 condemnatione

252 2030 413 2086 tutunus
436 2010 611 2108 eujusdam
629 2006 729 2099 Itali,
763 2007 818 2088 cui
844 2005 889 2079 ab
916 2007 988 2104 ejus
1010 2006 1081 2079 titia
1101 2025 1235 2099 ANNI,
1270 2007 1402 2081 literato
1429 2008 1487 2082 aed
1514 2011 1743 2111 superstitiosa
1773 2037 1851 2083 mu-

248 2166 349 2256 llere,
369 2139 574 2271 ,gravissimi
598 2187 730 2236 errores
754 2164 967 2263 imputantur
983 2160 1057 2262 (l).
1105 2161 1206 2237 Hand
1228 2187 1322 2237 secus
1347 2177 1486 2239 conatus
1507 2165 1580 2263 ejus
1602 2163 1645 2238 od
1673 2164 1851 2239 Paulict'u·

248 2345 307 2394 uoe
342 2321 380 2393 in
415 2317 584 2395 Ecclesiae
615 2315 807 2393 societatem
835 2313 1301 2412 reducendosostenderunt,
1332 2334 1462 2422 quanto
1488 2320 1600 2395 studio
1628 2323 1750 2400 veteris
1776 2321 1849 2396 Or-

250 2469 428 2547 tltodoxe'ue
452 2469 634 2548 servandae
656 2482 691 2543 et
714 2468 933 2547 vindicandos
953 2471 1111 2570 flagraret
1125 2471 1197 2572 (2).
1245 2474 1301 2549 Ex
1322 2474 1416 2547 nulla
1441 2499 1522 2551 vero
1545 2501 1581 2547 re
1603 2473 1670 2548 lroc
1691 2474 1845 2550 luculen-

254 2627 325 2703 tius¹
348 2637 511 2727 apparet,
534 2649 637 2723 quam
655 2648 697 2698 ex
723 2624 881 2723 negotio,
906 2649 985 2701 curn
1006 2624 1194 2726 Rogomilis
1217 2625 1355 2718 habito,
1378 2640 1413 2701 et
1433 2626 1667 2701 combustione
1693 2650 1846 2705 nisum

250 2795 356 2859 metae
387 2779 552 2892 principis
582 2779 753 2878 perfeet03
787 2775 899 2877 quud,
934 2779 1090 2880 quumvis
1119 2779 1156 2852 in
1185 2791 1381 2880 temporum
1407 2739 1580 2854 notatione
1609 2781 1762 2856 conlusio
1790 2810 1847 2856 re-

250 2960 353 3036 gnare
377 2933 509 3017 ridetur
521 2986 534 3026 ,
557 2931 601 3006 ed
622 2933 725 3009 finem
745 2933 834 3011 vitoe
850 2933 923 3032 ejus
946 2935 1096 3013 evenisse
1118 2935 1201 3011 satis
1220 2948 1352 3009 constet
1366 2936 1438 3037 (3).
1488 2937 1564 3010 Hae
1587 2950 1698 3011 numm
1722 2935 1765 3010 de
1791 2963 1849 3011 se-

252 3105 306 3169 cto
328 3106 368 3168 ut
395 3092 515 3170 breves
543 3115 614 3166 esse
640 3066 830 3189 possimus,
863 3088 1035 3191 diligentia
1061 3090 1140 3164 lecit
1159 3051 1475 3183 rucenninnnr,
1499 3090 1558 3191 qui
1581 3093 1775 3191 nuperrime
1803 3094 1845 3166 de

253 3276 316 3341 ea,
339 3249 417 3322 date
439 3272 564 3349 opero,
586 3258 834 3321 commentatus
856 3257 908 3318 est
922 3244 994 3345 (l).
1036 3245 1208 3338 Quamdiu
1230 3245 1407 3347 serpserit,
1428 3257 1609 3346 autequam
1627 3246 1672 3320 eb
1692 3268 1847 3326 Animo

251 3402 479 3502 detegeretur,
501 3399 634 3475 deliniri
656 3401 790 3501 nequit:
814 3399 872 3474 sed
892 3424 984 3478 noro
1007 3399 1095 3477 dicte
1115 3414 1167 3476 est
1184 3402 1340 3492 nomine,
1363 3427 1383 3473 o
1403 3399 1566 3504 pretendi
1586 3403 1734 3478 formula
1750 3402 1848 3478 Solar-

252 3557 365 3633 unroco
391 3555 565 3648 desumto,
597 3581 666 3656 quo
694 3555 878 3656 significari
902 3557 1015 3656 ajunt:
1043 3555 1212 3650 meseum,
1235 3554 1402 3631 Domine!
1452 3556 1749 3651 Quemadmodum
1772 3560 1842 3660 igi-

250 3729 307 3790 tur
339 3709 512 3814 Bogmuli
545 3710 676 3785 ratione
713 3711 863 3786 nominis¹
892 3710 1017 3785 similes
1044 3710 1181 3785 luemnt
1208 3710 1502 3807 Meesud‘auorum,
1527 3715 1583 3791 vel
1605 3712 1842 3827 Euctemon,

249 3868 310 3968 qui
340 3865 456 3940 itidem
488 3893 507 3939 e
536 3864 705 3967 precando
738 3864 820 3937 dicti
857 3873 936 3937 sunt
958 3862 1040 3964 (5),
1075 3865 1123 3938 sic
1160 3864 1266 3939 multu
1296 3893 1375 3942 eum
1405 3869 1445 3940 iis
1467 3866 1656 3945 habuerunt
1682 3897 1841 3946 commu·

275 4208 316 4274 (t)
333 4208 451 4258 Wrrurr.
472 4205 573 4255 Bmm
590 4207 623 4257 at
643 4222 732 4260 usuro
750 4205 772 4257 1.
792 4221 904 4268 rome,
929 4215 1041 4259 curru
1060 4209 1088 4258 et
1106 4219 1193 4258 ituro
1215 4204 1250 4259 11.
1274 4207 1415 4259 commit
1432 4205 1613 4260 Romanorum
1629 4209 1747 4278 Byzanti
1749 4227 1843 4262 oooooo

338 4296 552 4362 Imperatoritue
566 4302 701 4361 protom
720 4296 785 4352 titre·
802 4303 928 4364 quatuor.
950 4313 977 4364 p.
996 4297 1049 4348 203
1064 4311 1121 4361 sqq.

276 4387 317 4454 (Ἃ)
334 4388 453 4438 witru.
471 4385 491 4437 l.
510 4401 534 4437 c.
553 4402 580 4451 p.
598 4384 649 4436 45⁶
666 4401 723 4449 sqq.

275 4479 316 4544 (8)
333 4479 451 4528 Wrttu.
471 4476 490 4527 l.
511 4492 533 4526 e.
553 4492 580 4541 p.
598 4474 666 4537 475,
685 4474 747 4529 476.

275 4568 315 4632 (t)
334 4567 386 4616 Die
405 4565 569 4631 Bopomiterr.
589 4565 615 4614 in
633 4564 697 4614 lilrro
715 4580 736 4617 e.
756 4565 775 4615 l.
795 4560 1265 4636 Kircltonpeeolioirtlieluddlottdl.
1284 4583 1310 4637 p.
1331 4568 1377 4620 ldl
1397 4583 1455 4634 sqq.

276 4659 316 4724 (5)
334 4657 372 4708 (ΞΓ.
393 4670 494 4716 neren,
515 4653 769 4722 Ketrerqeoclicltt.
788 4656 858 4708 Tum.
878 4657 928 4710 111.
946 4673 974 4725 p.
994 4655 1044 4709 tot
1061 4672 1118 4723 tqq.
