4642 6224
1280 419 1339 505 82

508 727 599 831 apae
623 719 854 796 incarnationis
880 715 1068 819 mysterium
1084 712 1247 813 frivolum
1274 737 1340 788 esse
1371 717 1413 786 oo
1432 713 1564 817 penitus
1590 682 1829 818 abrogandum.
1880 725 1973 818 Quid
1998 741 2112 805 autem

509 879 571 952 illis
599 873 785 978 regionibus
804 873 869 946 sibi
897 871 1062 968 voluerit,
1087 870 1200 943 minus
1223 870 1438 971 exploratum
1462 882 1532 963 est,
1556 872 1803 987 quoniam'vix
1831 893 1979 978 spectare
2002 886 2113 981 potuit

510 1028 728 1122 Hiberniam,
751 1027 793 1103 de
818 1053 887 1130 qua
911 1049 1014 1127 supra
1037 1023 1171 1100 locutus
1194 1039 1290 1101 erat:
1328 1024 1470 1099 tortasse
1497 1029 1701 1126 pronomine
1730 1030 1793 1104 allo's
1816 1033 2022 1134 significavit
2043 1038 2112 1111 oir-

507 1185 764 1288 ournjocentclms.
814 1186 892 1260 Hoc
911 1183 993 1258 sutis
1010 1182 1188 1283 perspicue
1205 1181 1381 1275 ridemus,
1403 1208 1481 1257 eum
1501 1181 1749 1285 Allaigensdns,
1768 1188 1803 1262 in
1824 1189 1996 1295 Hn'spam'a
2013 1217 2113 1267 com-

508 1343 740 1434 morantibus,
766 1341 931 1441 placitum
958 1337 1180 1414 Cotlearorum
1207 1338 1366 1413 tribuere.
1416 1342 1471 1414 Ita
1496 1354 1530 1413 et
1556 1340 1660 1433 alibi,
1684 1341 1726 1416 de
1755 1344 1859 1421 variis
1889 1347 2113 1422 Catlearomem

511 1498 706 1574 nominibus
728 1497 893 1596 loquens,
923 1493 1117 1595 Albigenscs
1146 1493 1275 1568 inducit
1302 1492 1437 1566 Italiam
1464 1509 1739 1597 corrumpentes:
1769 1497 1828 1572 stab
1851 1499 1961 1574 eodem
1985 1510 2114 1603 tempo-

503 1682 558 1748 re,
592 1660 698 1756 (anno
724 1649 1007 1746 MCCXXXVI)
1031 1648 1199 1724 Dominus
1222 1647 1327 1752 Papa
1351 1646 1589 1755 Imperatorem
1616 1655 1717 1728 literis
1743 1656 1995 1731 commonitoriis
2023 1657 2113 1732 inlu'-

506 1809 574 1884 ooo
603 1808 794 1909 diligenter,
824 1833 863 1880 m
884 1805 1019 1880 ltaliam
1045 1804 1204 1879 hostiliter
1232 1805 1378 1883 intraret.
1431 1808 1678 1887 convocaverat
1704 1810 1788 1885 enim
1819 1808 2007 1916 Imperator
2030 1820 2114 1892 tenu

506 1991 588 2067 pore
616 1962 764 2038 aestivali
795 1988 924 2056 omnes,
951 1988 1035 2064 quos
1062 1970 1213 2065 poterat,
1243 1924 1328 2038 vires
1348 1962 1562 2068 Imperioles:
1590 1976 1627 2042 ut
1651 1966 1786 2043 Italicos
1813 1969 1979 2045 insolentes
2006 1995 2116 2074 expu-

500 2129 641 2223 gnaret,
671 2119 851 2223 praecipue
888 2116 1161 2194 Mediolanenses.
1211 2118 1302 2193 Erat
1336 2118 1421 2195 enim
1446 2119 1560 2195 civitas
1584 2119 1641 2195 alla
1668 2123 1812 2197 omnium
1839 2123 2115 2217 Haeretieorum,

505 2276 741 2350 Paterinomm
753 2329 764 2367 ,
788 2273 1086 2374 Luciferanorum,
1113 2274 1394 2368 Publicanornm,
1421 2276 1670 2380 Albr'gmsium,
1691 2277 1921 2354 usurariorum
1946 2278 2113 2380 rotumum

505 2441 535 2508 et
561 2432 807 2535 receptaculum.
859 2432 1074 2526 Quibuscum
1103 2433 1310 2510 conveniunt
1336 2390 1423 2533 uuae
1451 2433 1495 2506 ad
1516 2459 1645 2508 annum
1668 2433 1802 2510 MCCL
1822 2432 1987 2534 legimus:
2011 2435 2115 2511 Albi-

501 2590 673 2691 gentium,
706 2585 959 2663 Jom'manooum
995 2597 1026 2662 et
1058 2587 1234 2689 multorum
1269 2589 1465 2665 Italicontm
1501 2589 1690 2681 Haereses,
1729 2615 1816 2690 quae
1854 2589 2112 2690 pedlnlaveront,

504 2743 723 2820 destruuntur.
774 2742 967 2844 Albigenses
991 2743 1129 2844 quidem
1153 2744 1230 2837 hic,
1254 2746 1367 2846 prima
1390 2746 1502 2820 fronte
1528 2772 1548 2820 a
1575 2744 1744 2818 Poterinis
1769 2745 1929 2844 aliisque,
1961 2770 2045 2844 quos
2068 2746 2115 2817 ad

507 2900 730 2976 Gaditanorum
768 2900 933 2988 familiam
968 2899 1171 2998 pertinuisse
1207 2902 1416 2976 ostendimus
1444 2901 1527 3004 (l),
1558 2899 1720 3001 distingui
1751 2899 1929 2994 videntur,
1963 2896 2021 2971 sed
2045 2923 2115 2973 no-

392 3078 396 3085 ·
506 3056 647 3130 tandum
669 3069 740 3147 est,
762 3075 1026 3132 sternamus
1047 3082 1153 3157 aeque
1180 3080 1220 3130 uc
1243 3081 1504 3133 nunnunrcuns
1530 3059 1777 3156 Imperatorem
1812 3056 2006 3158 multosque
2038 3056 2116 3129 Ve-

507 3226 611 3306 teres,
644 3213 679 3286 in
713 3211 921 3287 recensendis
948 3210 1157 3303 dianaticus,
1187 3211 1278 3286 haud
1301 3237 1395 3287 secus
1423 3213 1518 3290 varia
1539 3214 1638 3286 unius
1664 3211 1882 3312 ejusdemque
1909 3225 2016 3286 sectae
2043 3236 2113 3286 no·

508 3369 622 3461 mino,
641 3373 760 3469 'quern
783 3381 889 3442 sectas
912 3367 1062 3444 diversas
1089 3394 1312 3443 enumerasse.
1362 3369 1400 3444 Si
1430 3382 1543 3443 eutem
1565 3368 1649 3442 fides
1679 3367 1758 3442 huic
1781 3369 1941 3467 scriptori
1960 3367 2113 3441 habenda

508 3536 580 3616 est,
603 3521 796 3624 Albc'gmms
818 3526 888 3621 jam
912 3546 1003 3595 anno
1030 3524 1262 3599 MCCXXIII
1288 3522 1324 3595 in
1351 3521 1549 3625 regionibus
1578 3523 1759 3624 Europae,
1783 3549 1802 3596 a
1830 3521 1944 3596 Gallia
1970 3520 2113 3597 meridi·

511 3678 600 3753 unali
628 3678 825 3778 longissime
854 3679 1015 3770 remotis,
1043 3677 1257 3781 prodierunt.
1305 3678 1430 3753 Narrat
1454 3679 1567 3753 enim:
1602 3678 1692 3751 circa
1723 3677 1793 3752 dies
1818 3676 1917 3770 istos,
1939 3674 2116 3749 Hametiri

509 3833 701 3936 Albigmses
728 3833 959 3909 constituerunt
981 3831 1044 3908 salai
1068 3834 1276 3939 Antipopom
1299 3833 1333 3907 in
1350 3831 1477 3933 finibus
1500 3832 1750 3935 Bulgororum,
1776 3831 1931 3910 Croatiae
1957 3836 1989 3903 et
2014 3827 2113 3907 Dot-

510 3989 650 4083 matiae,
673 3983 807 4066 nomine*
822 3991 1203 4070 nrnaaonournnu.
1232 3989 1278 4064 In
1299 3989 1416 4092 qualus
1435 3988 1584 4092 postulas
1601 3995 1698 4063 error
1721 3988 1772 4062 alle
1795 3987 1878 4062 odeo
1900 3984 2051 4078 involuit,
2076 3994 2113 4058 ut

511 4147 606 4222 etiam
642 4147 831 4253 Episcopos
865 4155 896 4221 et
924 4145 1007 4221 alios
1040 4147 1158 4222 multos
1197 4145 1369 4249 regionum
1396 4146 1528 4221 illorum
1551 4143 1600 4219 od
1618 4171 1712 4219 sacam
1734 4143 1883 4219 allexerit
1901 4141 2113 4249 patorem..

509 4302 584 4377 Hac
617 4315 730 4376 autem
764 4302 956 4377 narratione
992 4303 1158 4379 contineri
1194 4303 1287 4404 quod
1319 4304 1433 4377 minus
1464 4327 1582 4381 rerum
1612 4304 1673 4394 sit,
1700 4315 1841 4402 apparet
1864 4327 1906 4376 ex
1926 4298 2115 4374 sudatione

536 4631 576 4699 tt)
592 4633 605 4699 S
623 4630 649 4684 7·
669 4648 695 4700 Ρ·
714 4632 748 4683 34
767 4648 828 4696 'uu-
