4642 6224
1121 437 1174 522 51

355 776 397 825 ac
435 741 660 823 Watdensium
692 744 795 814 sectae
826 752 1029 812 Manassae
1059 736 1231 831 sequutae,
1261 728 1427 830 ingrana
1461 731 1641 805 incudum
1673 745 1847 840 eruperunt
1884 738 1957 838 ().
2020 838 2024 846 Ι

355 905 485 1007 Utique
516 894 730 1003 Valdensrims
756 920 776 968 a
803 911 1011 968 sunrnuno
1038 887 1079 961 dc
1098 885 1254 961 Bordone
1280 887 1478 960 tribuuntur
1503 888 1666 962 nonnulla
1689 890 1814 990 placita
1838 892 1960 970 Mani·

357 1056 508 1131 ctraeismi
535 1052 589 1131 vel
615 1048 831 1125 Gnosticiuui.
880 1046 1052 1123 Nimirum
1077 1044 1220 1118 animam
1238 1043 1344 1148 primi
1364 1043 1501 1119 hominu
1526 1071 1592 1120 csse
1613 1045 1741 1120 diviciae
1768 1046 1962 1126 abnouae

354 1211 557 1317 portionem,
586 1215 617 1281 et
643 1207 749 1311 ipsum
779 1204 851 1279 Dei
872 1202 1039 1307 spurium,
1064 1202 1175 1275 uelde
1198 1227 1237 1276 eo
1259 1227 1347 1276 esse:
1371 1214 1446 1275 tum
1471 1202 1621 1307 spiritum
1643 1203 1798 1296 homims,
1827 1229 1871 1278 en
1893 1232 1959 1307 quo

356 1367 458 1442 bonus
481 1365 542 1456 sit,
566 1363 597 1436 si
621 1361 801 1449 moriatur,
825 1359 1043 1433 enecandam
1071 1385 1166 1459 quem
1192 1358 1342 1460 spiritum
1364 1358 1438 1433 Dei
1449 1366 1495 1458 a
1521 1359 1628 1459 ipsum
1652 1359 1785 1435 Deum:
1810 1361 1960 1463 spiritum
2042 1445 2045 1448 ,

357 1548 422 1596 non
455 1546 522 1595 esse
557 1521 591 1592 in
627 1518 735 1609 coelo,
759 1517 824 1590 nisi
842 1516 994 1618 spiritum
1021 1514 1111 1608 Dei,
1135 1517 1195 1617 qui
1221 1516 1262 1589 sit
1284 1516 1352 1621 iprae
1378 1515 1498 1604 Deus;
1522 1539 1580 1588 nec
1605 1515 1705 1588 aliaeu
1729 1515 1872 1589 ammam
1896 1541 1963 1593 csse

359 1679 406 1754 iti
439 1677 502 1750 nisi
531 1677 665 1751 Deum:
700 1701 806 1775 porro
845 1671 1013 1775 quaelicet
1041 1672 1159 1746 bonum
1188 1672 1347 1746 hominem
1375 1696 1441 1744 csse
1474 1671 1546 1745 Dei
1568 1671 1699 1769 filium,
1733 1673 1815 1746 sind
1844 1697 1963 1750 cmu-

359 1859 465 1914 s'rtm
485 1833 594 1908 eodem
618 1831 738 1905 modo:
765 1840 796 1904 et
820 1856 893 1903 cum
912 1828 1022 1902 dicun
1048 1854 1082 1901 se
1104 1827 1233 1901 medere
1256 1829 1540 1921 Incarnationem,
1563 1828 1793 1921 Nativitatem,
1822 1830 1968 1907 Passio·

359 2016 431 2064 esem
457 1998 487 2063 et
514 1988 796 2062 Resurrectionem
824 2008 1008 2079 annrsr13
1037 2008 1096 2056 eos
1124 2009 1234 2081 naam
1260 1983 1530 2088 Conceptiouem,
1558 1982 1767 2059 Nativitatem
1794 1995 1851 2062 etc.
1877 1989 1966 2062 hanc

358 2147 498 2233 ducere,
523 2167 596 2214 mm
622 2140 725 2215 bonus
749 2140 1085 2241 nonannoeane,
1109 2149 1280 2231 nascatur,
1305 2149 1458 2242 resurgat
1480 2167 1542 2242 per
1561 2142 1805 2245 poeniteutiam,
1829 2142 1879 2216 vet
1899 2123 1965 2216 ad-

357 2299 489 2374 scenotat
511 2299 545 2370 iu
564 2297 705 2384 coelum;
731 2321 803 2369 cum
823 2297 1030 2398 Martyrium
1050 2299 1213 2403 patiatur,
1238 2297 1327 2370 illam
1350 2323 1416 2371 esse
1434 2325 1546 2372 voum
1566 2298 1763 2373 Passionem
1790 2322 1963 2375 cnms'n.

316 2528 319 2534 ,
360 2455 572 2530 Gravissima
599 2451 682 2523 haec
704 2464 781 2523 sunt
807 2477 945 2546 eorsum,
970 2480 1056 2553 quae
1084 2479 1315 2530 nracnrnrus
1333 2453 1393 2552 (2)
1414 2478 1457 2528 ex
1485 2448 1694 2528 arenauno
1716 2454 1894 2553 excerpsit.
1919 2456 1967 2527 Et

361 2634 458 2700 saue,
481 2610 510 2682 si
535 2607 675 2707 probari
695 2619 827 2706 posset,
853 2606 893 2678 V
886 2606 1063 2680 aldcnsnrm
1086 2623 1211 2682 sectam
1231 2609 1279 2680 ita
1301 2609 1458 2699 sensisse,
1481 2608 1720 2707 disputationis
1739 2635 1841 2708 supra
1864 2610 1968 2682 habia

360 2728 488 2843 tae'vis
509 2762 607 2842 valde
626 2763 877 2862 infringeretur.
928 2762 994 2838 Sed
1013 2764 1166 2863 primum
1186 2775 1305 2836 auctor
1330 2763 1512 2837 testimonii
1532 2764 1583 2835 sui
1606 2761 1708 2834 fidem
1730 2761 1821 2836 haud
1842 2789 1968 2862 parum

362 2920 554 3010 imminuit,
578 2945 657 2992 cum
681 2918 904 2991 memorando
922 2918 1168 2992 confessionem
1188 2918 1397 3012 multorum,
1420 2917 1508 2991 unde
1533 2943 1567 2991 se
1591 2918 1673 2992 haec
1693 2917 1859 2995 audivisse
1882 2945 1968 2994 nar-

361 3090 438 3172 rat3
476 3089 551 3149 tum
584 3100 668 3152 vero
695 3087 809 3172 aperte
832 3073 1034 3146 declarando
1058 3073 1149 3146 hisce
1177 3074 1303 3164 inesse,
1328 3098 1414 3172 quae
1433 3072 1605 3145 nonnullis
1627 3072 1805 3146 hominum
1828 3072 1969 3148 illorum

363 3243 494 3306 tanturn
520 3232 683 3328 placeant.
733 3228 862 3304 Deinde
886 3230 1053 3302 accusatio
1073 3231 1146 3327 ejus
1167 3229 1311 3302 incurrit
1329 3228 1365 3301 in
1390 3230 1522 3320 omnia,
1547 3252 1633 3328 quae
1656 3228 1840 3327 scriptores
1861 3228 1967 3303 medii

366 3387 459 3477 aevi,
484 3398 653 3486 quotquot
676 3384 740 3459 hac
761 3384 803 3458 de
826 3410 863 3458 re
886 3364 1047 3484 egerunt,
1066 3383 1166 3457 nobis
1190 3385 1340 3457 unanimi
1362 3384 1501 3456 tradunt
1530 3408 1693 3458 consensu
1710 3383 1782 3486 (3).
1812 3386 1970 3488 Denique

365 3539 505 3616 concedi
537 3551 648 3640 potest
675 3539 776 3632 fuisse
800 3538 977 3631 homines,
1005 3538 1219 3614 Valdeunlus
1248 3538 1484 3632 adhaerentes,
1508 3539 1590 3639 qui„
1614 3551 1654 3613 ut
1679 3537 1787 3640 vulgo
1810 3539 1885 3615 fieri
1909 3567 1968 3616 so-

391 3841 431 3907 (l)
449 3841 569 3892 Similiter
596 3841 731 3900 n'rrrrnr,
761 3839 881 3890 Histoire
905 3839 943 3888 du
968 3840 1075 3891 Concita
1100 3842 1133 3890 rte
1158 3840 1230 3891 Piae.
1255 3841 1325 3891 Turn.
1351 3840 1388 3890 11.
1418 3855 1445 3903 p.
1473 3834 1516 3887 49.
1564 3837 1731 3888 Gaeoeoeem
1760 3838 1970 3901 Patauinorum,

453 3931 610 3995 Paupernm
631 3931 664 3979 de
682 3929 813 3995 anduuo
829 3930 932 3979 nomine
948 3945 1001 3980 nou
1017 3931 1118 3984 differre
1132 3930 1169 3980 ait
1182 3930 1215 3980 ab
1229 3930 1276 3992 iis,
1301 3945 1367 3994 quae
1388 3929 1510 3980 darentur
1529 3926 1716 3988 rotumam,-
1738 3929 1783 3979 ted
1805 3930 1876 3980 nullo
1898 3933 1972 3998 plane

453 4026 601 4084 argumento
619 4021 711 4071 utitur.

394 4109 434 4176 (2)
452 4108 482 4160 t.
503 4126 525 4162 c.
544 4127 571 4175 p.
591 4111 751 4161 xli-nun.

392 4200 434 4266 (3)
452 4199 515 4250 teve
535 4203 591 4258 est,
623 4199 796 4250 Valdenettee
814 4200 880 4266 apud
899 4217 1013 4251 narrans
1033 4204 1061 4251 et
1080 4217 1179 4252 urrann
1196 4202 1215 4252 t.
1237 4217 1259 4252 c.
1280 4219 1307 4267 p.
1328 4200 1404 4251 1755.
1426 4197 1506 4248 tribui
1522 4196 1685 4264 opinionem
1711 4199 1782 4263 quod
1800 4200 1974 4264 ,estruem-

456 4305 509 4340 euee
530 4290 605 4338 homo
626 4291 662 4338 eit
683 4292 772 4339 eodem
788 4293 866 4341 modo
887 4291 939 4341 Dei
953 4293 1049 4357 filies,
1078 4293 1148 4341 sicut
1167 4307 1298 4351 euterun,
1325 4291 1422 4341 lateus
1445 4291 1565 4338 animam
1581 4301 1635 4352 pro
1652 4288 1808 4340 diuinitate.
1844 4291 1885 4340 lta
1908 4293 1976 4342 enirn

456 4380 551 4442 legitur
568 4380 594 4427 in
613 4385 732 4428 tractate
746 4381 838 4431 incerti
854 4383 966 4432 auctoris
984 4381 1016 4433 de
1039 4381 1228 4442 Vatdeeee’tee,
1247 4394 1323 4446 quern
1339 4394 1441 4432 manum
1458 4380 1566 4428 alienam
1580 4377 1773 4444 Disputationt
1787 4381 1861 4431 tuter
1879 4382 1977 4434 Gattae-

457 4469 540 4520 te‘ceuu
560 4475 586 4517 et
606 4469 768 4519 Pateetnnm
786 4470 958 4522 Haereticam
977 4477 1072 4523 temere
1092 4473 1242 4532 inseruisse,
1263 4486 1293 4523 ex
1312 4487 1343 4522 eo
1361 4472 1494 4530 norimus,
1513 4468 1584 4532 quod
1602 4469 1666 4520 haee
1685 4471 1836 4537 dimetatio
1850 4473 1905 4540 jtm
1916 4479 1977 4525 ante

456 4559 533 4608 tinem
549 4560 629 4609 seculi
647 4561 697 4609 111
718 4560 812 4626 scriptu
830 4567 887 4623 ast,
913 4567 968 4612 tum
985 4578 1044 4613 rere
1069 4563 1210 4614 Vatdenm
1226 4567 1278 4613 tam
1296 4563 1373 4628 longe
1389 4561 1551 4613 ablactati·
1568 4559 1681 4613 nondum
1697 4561 1881 4628 discesserent,
1901 4572 1978 4630 quem

457 4653 551 4700 auctor
568 4665 611 4701 eae
628 4650 655 4701 in
674 4657 793 4703 tractate
810 4667 856 4704 euo
874 4653 1033 4706 discedentes
1050 4655 1123 4709 tecit.
1143 4655 1178 4707 ct.
1198 4669 1340 4708 ennomu-
1361 4654 1430 4705 Tam.
1450 4651 1539 4705 1111.
1558 4667 1586 4721 p.
1604 4650 1665 4704 480.

1796 4783 1855 4854 7*
