4642 6224
1005 506 1068 598 '83

235 831 381 897 corum,
413 830 500 907 quae
533 803 616 877 alibi
639 802 740 877 nobis
776 813 960 877 occurrunt
1000 803 1071 904 (1).
1122 803 1190 879 Sed
1227 805 1293 882 boc
1321 816 1433 883 tamen
1468 823 1502 886 et
1523 840 1586 916 per
1609 841 1645 891 aa
1671 765 1781 915 stare,
1802 838 1838 898 et

231 961 351 1038 eadem
374 961 553 1035 collatione
576 959 774 1034 confirmari
792 959 947 1078 ridetur,
971 959 1061 1033 circa
1088 972 1223 1061 tempus
1250 974 1407 1037 notatum
1432 966 1467 1039 in
1495 969 1728 1050 Orientalibus
1756 975 1838 1051 Eu.

234 1142 335 1218 rapae
360 1117 444 1190 locis
470 1115 662 1216 Attagenae
685 1115 805 1207 fuisse,
830 1113 1054 1191 Catbararum
1074 1116 1200 1216 placita
1224 1134 1410 1220 sequentes.

281 1271 467 1348 Praesideo
497 1297 588 1344 nnnc
612 1271 704 1362 sore,
729 1284 767 1343 ut
792 1283 889 1370 roget
911 1295 1000 1344 nnus
1021 1284 1055 1344 et
1078 1273 1187 1367 alter,
1208 1299 1271 1347 cur
1293 1274 1521 1378 Albrgeusium
1538 1294 1664 1356 nomen
1685 1309 1726 1358 ex
1750 1286 1839 1358 Gat-

207 1428 278 1501 ·b'a
307 1425 520 1501 meridionali
550 1425 618 1496 alio
652 1423 852 1497 translatum
886 1425 949 1518 sit,
982 1438 1017 1497 et
1042 1425 1180 1524 quidem
1201 1428 1244 1501 nd
1268 1429 1435 1505 Calliaros
1459 1433 1679 1512 denotandas.
1729 1442 1835 1543 Atqui

230 1583 401 1684 duplicem
423 1582 525 1680 hujus
551 1577 781 1654 translationis
806 1578 907 1653 nobis
937 1579 1119 1680 cogitando
1146 1581 1275 1683 fingere
1303 1610 1486 1687 possumus
1509 1616 1646 1667 causam
1666 1620 1676 1670 ι
1700 1593 1841 1670 alteram

229 1740 377 1840 positam
405 1737 440 1809 in
468 1763 528 1829 eo,
550 1734 644 1836 quod
667 1730 844 1809 Haeretici
867 1733 1033 1837 Albigesii
1059 1735 1095 1810 in
1122 1738 1278 1838 regiones
1303 1755 1477 1819 extraneas
1505 1747 1647 1844 profecti
1672 1763 1773 1844 sunt,
1797 1766 1836 1825 ut

231 1897 298 1970 sibi
330 1895 501 1994 retugium
534 1904 752 1993 quaererent3
785 1890 925 1965 alterum
960 1893 998 1963 in
1035 1891 1169 1985 studio,
1204 1896 1298 1994 qnod
1329 1896 1486 1973 homines
1508 1914 1717 1982 transversas
1744 1909 1834 2010 egit,

231 2051 450 2126 sectatoribus
479 2047 703 2125 catharorum
723 2060 840 2120 notam
860 2048 1069 2147 ignominiae
1093 2047 1259 2124 innuendi.
1311 2053 1392 2128 Jam
1419 2055 1595 2154 quomodo
1619 2057 1746 2135 suctum
1772 2064 1835 2152 sit,

230 2220 268 2281 ut
289 2218 326 2280 et
352 2231 421 2285 rox
448 2203 695 2305 Albigeusium,
719 2218 753 2277 et
774 2202 953 2303 turpitudo
972 2206 1003 2277 ei
1031 2204 1236 2297 adhaerens,
1263 2205 1427 2311 Europae
1452 2214 1592 2315 populis
1617 2218 1653 2290 in
1678 2220 1836 2295 notitiam
1893 2311 1900 2319 ι
2039 2287 2042 2298 .

230 2365 401 2452 venerint,
434 2361 532 2433 facile
564 2360 658 2434 dictu
685 2373 748 2434 est.
796 2360 886 2435 Nam
915 2364 976 2462 qui
1007 2389 1042 2436 se
1064 2389 1144 2438 aum
1172 2366 1378 2440 exercituin
1403 2367 1547 2442 θαΙΙιὶιιιι
1576 2373 1832 2451 meridionalem

230 2517 463 2607 contulerant,
494 2516 612 2616 ibique
640 2514 823 2589 certamina
856 2512 936 2589 oum
968 2515 1156 2590 Haereticir
1183 2521 1350 2614 inierant,
1373 2524 1527 2616 nobiles,
1551 2527 1622 2602 sive
1646 2530 1834 2627 ignobiles,

229 2677 372 2751 domum
407 2673 553 2763 reversi,
583 2671 778 2772 Albrgeuses
814 2669 1038 2771 popularibus
1064 2673 1132 2744 suis
1157 2671 1294 2746 odiosos
1314 2675 1502 2769 faciebant,
1526 2678 1634 2777 iisque
1664 2681 1834 2758 Catbaro-

231 2858 307 2906 rum
329 2854 463 2904 errores
484 2827 699 2927 objiciebant.
749 2828 881 2903 Multos
902 2837 1033 2919 antem,
1064 2828 1169 2904 variis
1192 2855 1234 2904 ex
1257 2832 1376 2923 terris,
1402 2829 1445 2905 ad
1473 2831 1561 2905 benc
1586 2835 1835 2934 expeditionem

133 2993 141 3009 ‘
231 2987 460 3076 concurrisse,
485 2997 522 3057 ut
545 2987 615 3082 jam
639 2980 798 3057 credibile
806 2989 868 3056 'est
893 2994 1034 3083 propter
1057 2982 1232 3077 ardorem,
1256 3010 1326 3086 quo
1351 2984 1534 3061 Pontifices
1560 3012 1747 3090 eorumque
1773 2991 1837 3064 ad-

233 3148 358 3240 jutores
388 3141 543 3216 homines
567 3142 679 3214 omnis
711 3140 841 3214 ordinis
876 3137 919 3213 ed
947 3137 1105 3212 militiam
1142 3164 1273 3216 sacram
1296 3153 1484 3239 vocnrnut3
1509 3145 1554 3216 ita
1579 3144 1714 3218 disertis
1740 3147 1847 3220 Vete-

233 3325 311 3373 rum
349 3297 551 3372 testimoniis
583 3297 760 3398 probetur.
812 3296 976 3397 Legimus
1004 3296 1095 3396 apud
1124 3318 1282 3373 manau.
1308 3295 1436 3389 Pam's,
1460 3323 1549 3372 anno
1572 3299 1840 3377 MCCXXXIV

234 3452 460 3555 Abegmsium
489 3450 745 3556 eperatrioaam
768 3456 1041 3556 praesumerem
1066 3446 1282 3557 compressam
1306 3477 1372 3527 asse
1394 3480 1418 3526 a
1431 3448 1587 3550 fidclrbus
1619 3453 1836 3546 θήώίιὶιιιιζι,

232 3611 292 3712 qui
319 3610 367 3683 ad
386 3608 576 3682 mandatum
605 3633 801 3685 ouuoonu
830 3608 972 3711 Papae,
1005 3635 1049 3684 cx
1075 3609 1211 3685 diverses
1238 3607 1425 3711 regiorubus
1453 3607 1637 3682 Ocadcutir
1667 3636 1763 3685 cruce
1788 3613 1839 3684 si-

230 3759 327 3871 gnat
344 3766 564 3859 aueum,
592 3764 641 3840 aa
662 3765 877 3865 aarum
887 3765 975 3863 fiae
1000 3734 1217 3843 cruram.
1267 3766 1336 3842 ser
1360 3764 1443 3866 quta
1466 3763 1530 3840 ue
1554 3765 1753 3840 lucrosae
1777 3768 1835 3839 nt.

234 3924 316 3998 tar?
339 3947 488 3999 sarnus
508 3920 716 4012 Monachus,
747 3920 923 4012 omnium,
955 3921 1014 4020 qui
1036 3919 1213 3995 historiam
1240 3919 1467 4023 Albigeuu'um
1494 3922 1720 4022 scripserunt,
1745 3925 1836 3996 anti·

233 4077 418 4177 quissimus
447 4076 549 4150 uobis
577 4075 701 4171 tradit,
729 4076 902 4177 ingentem
924 4074 1195 4169 multitudinem,
1223 4089 1295 4149 tam
1316 4075 1574 4150 Alenururarum
1600 4086 1635 4150 et
1662 4075 1835 4151 btuuro·

235 4256 312 4306 rum
340 4255 446 4329 quam
468 4226 698 4324 Francorum,
725 4231 769 4305 ad
790 4228 986 4306 Haereticos
1008 4229 1085 4303 illos
1113 4228 1329 4304 debellandos
1352 4251 1552 4329 congressos
1578 4253 1650 4304 esse
1663 4230 1734 4333 (2).

258 4536 301 4605 (1)
318 4539 397 4587 Ιιιιιι
415 4533 434 4584 1.
455 4549 478 4584 a.
496 4549 522 4598 p.
543 4532 606 4584 1201
626 4548 684 4598 sqq.

259 4628 302 4695 (2)
319 4626 393 4692 Apud
413 4640 542 4677 neuun.
564 4624 584 4677 l.
605 4641 628 4677 c.
648 4642 675 4692 p.
696 4625 764 4687 587,
788 4629 856 4691 801,
882 4631 934 4684 618
953 4639 1004 4684 etc.
1041 4632 1252 4685 titillarentur.
1275 4624 1457 4695 tepent
1491 4625 1623 4680 mem
1642 4626 1662 4680 l.
1683 4642 1708 4680 a.
1728 4643 1755 4696 p.
1776 4628 1837 4681 207.

321 4718 469 4770 runnu.
489 4715 509 4770 1.
529 4731 552 4767 a.
571 4716 641 4771 Tam.
659 4717 683 4768 1.
701 4734 728 4784 p.
746 4718 790 4769 61.

1638 4841 1714 4933 11!
