4642 6224
925 492 929 503 ·
1048 469 1077 553 9

261 767 365 842 etiam
394 793 481 869 quae
512 737 642 836 airctori
677 772 800 834 temere
829 760 938 833 afficta
980 751 1079 853 sunt,
1120 745 1214 858 quod
1245 784 1338 860 spem
1375 761 1453 834 fecit
1490 787 1683 841 mesenen
1716 768 1794 868 (l),
1819 783 1856 842 ut

260 921 337 996 data
364 921 538 994 occasione
556 918 692 992 uberius
711 917 893 1015 explicaret
918 928 952 988 et
972 915 1142 1014 probaret.
1169 913 1270 990 Haud
1294 927 1417 989 temere
1445 940 1523 991 saue
1551 920 1607 996 vir
1629 919 1749 995 doctus
1775 942 1867 996 mo·‘·

260 1079 372 1150 unisse
410 1076 569 1166 ridetur,
607 1072 763 1147 nonnisi
801 1071 912 1172 Capul
945 1072 1021 1162 Vl,
1051 1072 1197 1171 exceptis
1225 1070 1416 1165 nonnullis,
1441 1099 1528 1173 quae
1551 1074 1693 1148 alienam
1716 1087 1868 1152 manum‘

149 1296 154 1301 .
259 1231 431 1331 produnt,
455 1258 475 1302 a
496 1252 671 1306 antonno
693 1227 885 1330 profectum
904 1250 993 1318 esse,
1015 1238 1123 1299 cetera
1146 1238 1258 1299 autem
1283 1226 1397 1300 referri
1419 1206 1542 1302 deberi
1560 1228 1603 1302 ad
1631 1232 1731 1304 finem
1755 1233 1856 1305 seculi

259 1389 367 1461 XIII.
417 1383 520 1477 Quod
545 1396 656 1457 autem
680 1380 819 1480 adjecit,
841 1378 1073 1482 Inquisitorem
1096 1380 1246 1480 aliquem
1270 1382 1467 1456 Gmnoniae
1484 1382 1566 1458 haec
1591 1412 1631 1459 ex
1650 1387 1755 1463 variis
1777 1387 1852 1458 lon·
1919 1396 1926 1409 “

165 1636 170 1643 .
258 1542 349 1614 tibus
374 1540 528 1637 imperite
556 1536 779 1635 congessisse,
802 1533 958 1607 locorum
981 1532 1209 1635 quorumdam
1237 1533 1400 1625 lectione,
1428 1562 1514 1636 quae
1534 1550 1687 1612 constare
1716 1566 1859 1640 prorsus

258 1707 449 1797 nequeunt,
481 1691 568 1767 mihi
598 1704 669 1765 tam
702 1661 901 1789 persuasum
927 1701 999 1779 est,
1027 1699 1068 1762 ut
1089 1687 1158 1761 fere
1182 1688 1381 1787 conjiciam,
1403 1688 1518 1789 plures
1542 1690 1643 1766 fuisse
1672 1692 1853 1785 homiues,
1982 1729 1986 1735 ⁴

260 1853 337 1953 qui,
357 1854 519 1924 Veterum
538 1847 663 1946 scripta
684 1843 923 1943 compilantes,
942 1840 1065 1938 singuli
1080 1839 1244 1938 quaedam
1256 1841 1412 1941 exemplo
1431 1868 1493 1916 suo
1507 1843 1707 1924 addiderint.
1743 1849 1856 1940 Quid-

257 2004 341 2107 quid
372 2003 474 2103 hujus
513 2002 561 2074 rei
586 2012 657 2093 est3
691 1998 748 2071 hic
769 1995 856 2068 liber
880 1978 1176 2092 formam,’quam
1196 2018 1289 2066 nunc
1315 1993 1437 2086 hebet,
1464 1995 1555 2071 haud
1578 1996 1680 2073 dubie
1696 2015 1772 2074 aute
1800 2027 1856 2074 se-

257 2158 371 2232 culum
391 2158 493 2232 XIV.
513 2154 665 2227 medium
684 2150 823 2253 accepit.
862 2148 965 2226 Unde
981 2149 1155 2248 sequitur,
1174 2149 1365 2223 testimonia
1384 2174 1508 2226 uorem
1528 2152 1665 2226 illorum
1682 2155 1855 2259 Cupitum,

258 2337 344 2413 quae
378 2308 489 2382 fraudi
516 2307 693 2381 tribuenda
723 2317 824 2396 sunt,
848 2305 989 2377 omnino
1017 2302 1093 2378 usui
1119 2328 1190 2377 esse
1212 2329 1311 2403 posse
1334 2305 1376 2380 ad
1404 2307 1578 2408 opiniones
1601 2308 1856 2388 Haeretieomm

255 2467 348 2538 illius
373 2447 538 2564 temporis
564 2459 840 2562 cognoscendas:
868 2459 912 2535 ad
937 2432 1152 2535 nnlnununr
1174 2484 1257 2538 vero
1283 2459 1347 2534 hac
1367 2461 1403 2533 iu
1431 2461 1656 2565 disputatione
1683 2492 1782 2568 saepe
1798 2494 1855 2542 re·

257 2645 392 2695 currere
418 2642 552 2692 necesse
577 2617 652 2690 erit.
703 2615 823 2689 Cetera
851 2625 984 2704 autem,
1016 2639 1103 2712 quae
1130 2612 1173 2686 de
1192 2614 1327 2690 levitate
1353 2615 1570 2714 Scriptorum
1592 2620 1760 2714 dixiums,
1784 2649 1852 2696 non

256 2800 344 2875 opus
370 2785 421 2846 est
447 2785 487 2845 ut
511 2771 699 2872 prohemus
724 2773 781 2862 ei,
817 2771 896 2871 qui,
920 2779 955 2841 et
988 2766 1074 2842 illud
1102 2766 1197 2867 quod
1214 2794 1294 2845 vere
1320 2796 1340 2842 a
1367 2793 1542 2844 numero
1567 2772 1759 2870 profectum
1781 2788 1851 2868 est,

185 2957 191 2967 ·
256 2927 392 3029 legerit,
419 2940 452 3000 et
474 2949 595 3002 nerlu
617 2922 782 3000 Monoclri
802 2921 1041 3016 cerame,
1066 2945 1266 2999 eruentur
1291 2922 1333 2996 de
1354 2922 1527 3017 Borbone,
1550 2925 1762 3027 aliorumque
1785 2929 1854 3002 ho-

256 3085 389 3159 minum
412 3083 538 3182 scripta
563 3082 607 3155 ad
630 3080 810 3155 historiam
832 3075 1086 3153 Haereticam
1107 3075 1213 3152 medii
1238 3076 1313 3154 aevi
1336 3078 1550 3177 pertinentia.
1887 3030 1901 3056 ·

304 3239 422 3314 Tertia
461 3236 676 3309 dissensionis
707 3260 806 3310 causa
837 3233 949 3334 posita
981 3246 1032 3308 est
1062 3234 1096 3306 in
1118 3233 1263 3335 portanm
1285 3231 1412 3325 studio,
1435 3247 1597 3335 quotam
1623 3241 1852 3316 Protestautes

257 3417 361 3491 quam
383 3390 536 3464 homines
557 3389 725 3464 Ecclesiae
751 3391 925 3463 Romanae
954 3386 1102 3480 addicti,
1126 3387 1204 3462 iude
1229 3414 1248 3462 a
1272 3413 1449 3465 sacrorum
1472 3391 1731 3487 instauratione,
1758 3395 1850 3471 ducti

254 3559 289 3619 et
313 3544 464 3618 nondum
488 3545 589 3643 plane
605 3543 737 3618 liberati
762 3556 850 3619 suut.
899 3543 971 3618 Nec
994 3569 1072 3617 sane
1099 3541 1184 3617 illud
1209 3569 1415 3646 magnopere
1442 3546 1637 3622 mirandum
1656 3561 1717 3624 est.
1766 3553 1851 3624 Ete-

253 3703 354 3793 nim,
375 3713 561 3804 postquam
576 3702 805 3774 Protestantes
832 3723 868 3772 se
886 3698 930 3772 ab
952 3699 1101 3774 Ecclesia
1125 3698 1184 3772 illa
1208 3702 1439 3797 sejunxerant,
1464 3701 1614 3776 fautores
1637 3705 1708 3800 ejus
1731 3729 1848 3779 omnes

256 3855 346 3931 vires
365 3854 603 3948 intendebant,
623 3867 662 3928 ut
682 3852 913 3945 desertorum,
932 3877 1021 3955 quos
1040 3852 1215 3972 dicebant,
1238 3878 1375 3927 eausam
1397 3857 1639 3956 opprimerent.
1689 3858 1849 3934 Luran-

255 4032 343 4084 nmr
364 3980 487 4110 igitur,
512 4032 726 4085 cunvrnunr
751 4008 901 4109 aliosque
920 4011 1178 4102 reformatores,
1202 4020 1355 4083 auctores
1377 4034 1447 4083 esse
1469 4009 1691 4110 perhibebant
1716 4009 1848 4083 doctri-

256 4185 318 4234 nae
338 4187 447 4239 novae
466 4162 600 4265 sibique
618 4177 695 4240 ante
719 4165 929 4265 incognitae:
963 4164 1011 4240 Hi
1033 4190 1138 4257 vero,
1156 4175 1196 4237 ut
1219 4190 1291 4238 rem
1310 4189 1407 4239 suam
1426 4161 1655 4254 defenderent,
1675 4189 1846 4263 provoca-

255 4316 338 4388 bant
370 4313 413 4388 ad
442 4314 638 4392 Henetieoe
663 4318 765 4395 medii
792 4319 892 4412 aeri,
915 4320 1003 4395 inter
1030 4344 1117 4421 quos
1138 4321 1209 4419 jam
1233 4319 1300 4395 sibi
1326 4319 1401 4397 riae
1425 4316 1527 4392 duoes
1553 4317 1720 4394 invenisse
1747 4319 1844 4397 ride-

156 4686 161 4694 .
278 4633 321 4714 ’(1)
347 4645 378 4698 L.
397 4646 416 4699 l.
435 4663 461 4714 p.
480 4647 541 4701 599.
560 4651 622 4700 not·
638 4651 657 4702 l.
