4642 6224
919 902 1148 1006 CAPUT
1182 903 1401 1007 PRlUS.

538 1188 862 1269 vnnnnnsnnn
886 1187 1085 1264 saonen
1108 1190 1306 1291 aavnna
1328 1190 1392 1264 aa
1417 1187 1775 1268 naalonnsfflns

726 1346 1143 1447 nlsrrnoonnnnn
1165 1346 1284 1423 nssn
1306 1345 1586 1424 eaoaanon.

1028 1659 1258 1688 Q·—

1102 1932 1218 2064 §n

812 2218 1016 2305 Virorum
1043 2221 1260 2307 doctorum
1287 2222 1508 2307 dissensio.

408 2432 520 2558 (ium
556 2497 636 2583 post
673 2494 805 2558 renatas
842 2483 992 2561 maxime
1030 2484 1157 2561 litteras
1182 2486 1296 2563 seculo
1324 2489 1426 2564 XVI.
1451 2488 1529 2561 Viri
1556 2486 1649 2562 docti
1673 2487 1708 2560 in
1736 2482 1962 2588 Adn'gerasium

357 2653 391 2713 et
421 2637 632 2713 Voidenaium
669 2639 860 2715 Historiam
890 2640 1060 2741 inquirere
1088 2642 1303 2743 inceperant,
1341 2672 1361 2718 a
1399 2644 1570 2744 plerisque
1606 2641 1648 2715 de
1681 2666 1724 2715 eo
1749 2640 1961 2744 disputatum

356 2807 427 2889 est,
454 2807 575 2870 utrum.
600 2792 777 2870 Voldcoaes
798 2806 833 2869 et
857 2794 1049 2898 Albigerrses
1076 2796 1180 2872 iidem
1201 2798 1356 2891 dioendi,
1381 2821 1425 2871 an
1452 2794 1473 2871 a
1501 2821 1536 2870 se
1558 2796 1705 2874 invioem
1730 2794 1960 2895 distinguendi

357 2952 437 3032 sint.
469 2952 540 3047 Qui
564 2964 677 3028 autern
704 2953 741 3027 id
767 2953 931 3054 agebant,
955 2966 1011 3047 ut,
1036 2953 1132 3030 viam
1152 2953 1248 3055 quasi
1277 2955 1425 3029 mediam
1449 2953 1613 3056 ingressi,
1637 2951 1725 3027 hane
1744 2953 1839 3027 litem
1863 2977 1963 3025 corn-

357 3120 544 3210 ponerent,
580 3109 637 3189 val
672 3109 896 3222 sicquidem
937 3121 1119 3212 utramque
1154 3112 1354 3187 sententiam
1383 3131 1465 3186 ‘non
1503 3110 1625 3186 eodem
1655 3108 1846 3185 habuerunt
1886 3110 1962 3184 loco
2126 3104 2130 3109 ’

355 3277 389 3339 et
413 3288 567 3342 nurnero.
617 3265 809 3361 Alitihns,
839 3284 941 3370 quas¹
957 3266 1040 3343 haec
1061 3266 1194 3370 peperit
1217 3269 1387 3368 quaestio,
1421 3268 1570 3346 breviter
1595 3265 1802 3368 exponendis
1824 3264 1961 3338 initium

355 3420 413 3497 hio
434 3422 542 3498 facere
564 3434 711 3523 oportet.

405 3579 502 3652 Inter
535 3600 619 3671 eos,
650 3578 825 3680 aquibus
855 3576 1032 3655 Voldcoaes
1059 3577 1163 3655 iidem
1191 3580 1351 3656 dicuntur
1381 3591 1483 3681 atque
1515 3577 1727 3681 Albr'gorses,
1761 3578 1888 3681 duplex
1917 3605 1958 3652 a-

355 3732 457 3832 gordi
496 3733 585 3808 ratio
622 3733 739 3810 locum
776 3733 889 3812 habet
910 3788 913 3795 -
937 3740 1023 3812 Pars
1035 3788 1047 3829 ,
1073 3734 1249 3811 Velienses
1277 3735 1436 3829 laudare,
1459 3760 1557 3836 pars,
1583 3761 1642 3810 eos
1670 3736 1864 3836 vituperare
1892 3759 1955 3807 cu-

357 3889 467 3985 piant.
527 3887 761 3964 laudatorum
797 3892 987 3992 principem
1020 3893 1188 3994 appellare
1224 3919 1406 3995 possumus
1447 3916 1640 3971 neonium
1678 3892 1763 3994 (l),
1798 3893 1856 3992 qui
1899 3892 1957 3964 di-

362 4055 448 4116 serte
482 4043 585 4119 dicit:
622 4066 747 4121 nornen
784 4047 973 4150 albigenses
1002 4050 1192 4150 significare
1227 4051 1421 4145 hominem,
1456 4055 1517 4154 qui
1552 4066 1712 4156 wquatur
1746 4050 1957 4140 doctrinam,
2036 4061 2039 4067 '

360 4222 464 4297 quam
503 4198 699 4297 Valdenses,
725 4205 877 4280 Vedium
905 4188 1051 4301 incolae,
1076 4210 1109 4282 in
1139 4207 1274 4286 Adam
1300 4208 1571 4286 introduxerunt.
1620 4207 1820 4285 Doctrinam
1841 4219 1953 4294 autem

390 4601 430 4669 (1)
448 4600 567 4747 ἔπαιξα
590 4602 712 4745 qdpetroh
737 4605 782 4656 der
809 4607 912 4674 Epir'rer
939 4611 1136 4682 Eoonoeliquer
1162 4615 1208 4668 der
1238 4616 1338 4669 Voluca
1361 4617 1394 4668 da
1421 4617 1560 4678 Pimsrt,
1588 4630 1624 4666 oss
1654 4613 1806 4667 tondetur.
1859 4615 1913 4665 ath.
1940 4617 1961 4664 1.

483 4707 510 4761 P·
571 4708 598 4761 P·
659 4695 730 4757 ³2³·

1785 4804 1837 4874 l*
