4642 6224
1285 480 1343 566 84

1248 775 1366 909 aa.

614 1092 839 1178 Valdenaea
865 1120 959 1176 aum
987 1091 1281 1204 Albigensium
1306 1096 1475 1180 nomine
1503 1096 1903 1208 comprehendendi,
1933 1112 2019 1185 tum
2108 1191 2113 1199 ,

949 1289 1050 1345 vero
1077 1261 1130 1346 ab
1157 1264 1220 1347 iia
1245 1264 1542 1376 distinguendi
1569 1277 1675 1352 aunt.

546 1557 704 1633 Etiamsi
724 1555 952 1659 Albrgeruium
970 1580 1095 1631 nomen
1115 1556 1161 1631 ad
1181 1556 1378 1633 Haereticos
1397 1561 1578 1661 regionum
1597 1589 1618 1636 n
1640 1560 1753 1636 Gallula
1771 1562 1982 1638 meridionali
1996 1589 2113 1640 remo-

505 1727 621 1787 tarum
642 1713 786 1788 relatum
805 1713 868 1807 sit,
889 1737 1066 1816 perversas
1087 1723 1200 1787 tamen
1221 1715 1399 1814 opiniones
1412 1714 1455 1790 de
1476 1718 1549 1817 ejus
1569 1743 1633 1792 usu
1645 1718 1713 1797 viri
1726 1718 1819 1796 docti
1831 1745 1928 1820 saepe
1941 1720 2110 1800 foveant.

508 1869 700 1971 Tempore,
734 1893 804 1968 qno
835 1865 1005 1967 expeditio
1037 1865 1195 1942 militaris
1226 1868 1265 1941 in
1298 1869 1506 1972 Albigesium
1533 1823 1779 1974 suseipiebatnr
1805 1888 1841 1949 et
1865 1875 2109 1975 peragebatur,

506 2023 594 2098 nihil
623 2024 761 2098 nomine
792 2023 853 2097 illo
881 2023 993 2125 magis
1020 2049 1083 2123 per
1110 2022 1314 2118 Franciurn,
1346 2025 1481 2100 rutena
1515 2027 1665 2128 aliasque
1693 2040 1800 2102 terrns
1833 2027 2005 2103 famosum
2035 2026 2111 2106 snit.
2270 2108 2273 2112 ,

507 2184 697 2282 Postquam
715 2206 784 2281 pax
803 2204 892 2253 anno
910 2179 1142 2257 Mccxxlx
1158 2181 1219 2282 (l)
1238 2183 1393 2257 restituta
1407 2195 1510 2275 esset,
1533 2209 1587 2257 res
1602 2183 1677 2284 ipsa
1695 2182 1867 2285 loquitur,
1892 2181 1979 2256 illud
1996 2183 2112 2258 minus

432 2356 434 2367 ¹
504 2336 542 2408 in
568 2335 750 2410 hominum
782 2348 902 2410 ornet
931 2360 1086 2412 sermone
1115 2363 1188 2413 esse
1220 2339 1394 2438 incepisse.
1442 2341 1491 2415 Et
1512 2362 1591 2411 sane
1615 2337 1744 2412 mirum
1775 2335 1871 2412 dictu
1898 2349 1970 2429 est,
2002 2362 2109 2437 qnam

505 2494 622 2593 paucis
655 2504 790 2567 tantum
823 2495 860 2564 in
895 2491 1014 2587 libris,
1044 2492 1157 2569 seculo
1183 2494 1292 2570 XIII.
1320 2494 1481 2595 scriptis,
1500 2491 1728 2596 Αῶιξαιείιυη
1754 2517 1881 2568 nomen
1910 2491 2105 2593 reperiatur.

505 2651 648 2724 Frustra
671 2650 848 2753 quaeritur
871 2675 942 2724 non
967 2650 1079 2724 sulum
1104 2650 1140 2724 in
1161 2648 1304 2724 decretis
1331 2653 1588 2752 Imperatorum
1609 2661 1645 2723 et
1666 2649 1873 2752 Pontificum
1885 2675 1896 2744 5
1924 2647 1984 2722 ed
2005 2648 2110 2723 etium

505 2805 598 2908 apud
610 2807 810 2906 scriptores,
830 2805 891 2908 qui
913 2803 1069 2881 Caum
1090 2803 1275 2879 refirtarrdis
1294 2829 1436 2905 operam
1453 2805 1626 2882 dederunt.
1675 2802 1898 2904 nequeenim
1916 2801 1954 2874 in
1973 2823 2107 2878 mucan

508 2960 670 3036 Tudensis
696 2960 795 3034 libris
822 2959 893 3034 ulla
926 2958 1154 3061 Albigerrsirun
1188 2962 1316 3034 mentio
1344 2960 1404 3053 fit,
1439 2959 1596 3062 quamvis
1627 2977 1824 3037 murm
1864 2981 1990 3031 nomen
2023 2955 2110 3030 illud

505 3117 548 3189 iis
575 3116 612 3188 in
637 3115 738 3189 titulo
763 3116 920 3218 praefixit
940 3116 1013 3217 (2).
1062 3117 1308 3192 Verumtamen
1344 3118 1441 3197 vocis
1472 3118 1565 3191 illius
1597 3140 1697 3190 nsum
1725 3113 1789 3188 lrac
1822 3125 1929 3187 aetate
1954 3111 2109 3185 nondum

505 3269 734 3364 obsolevisse,
765 3271 945 3347 ostendunt
977 3272 1054 3348 loca
1087 3272 1264 3350 variorum
1294 3272 1501 3374 scriptorum
1526 3299 1629 3374 supra
1664 3272 1808 3347 excitata
1822 3270 1894 3374 (3).
1944 3267 2048 3363 Quod
2073 3281 2110 3344 et

503 3425 599 3500 nullo
631 3423 737 3498 modo
769 3425 844 3498 fieri
876 3426 1010 3526 potuit,
1036 3450 1137 3516 enm,
1169 3427 1260 3501 bello
1294 3426 1525 3518 conficiendo,
1557 3424 1731 3501 Haeretici
1761 3426 1799 3499 in
1829 3423 2001 3526 Albrgesio
2033 3449 2104 3497 non

431 3567 433 3571 ’
499 3583 813 3682 exstinguerentur,
836 3581 896 3655 md
923 3579 983 3655 diu
1011 3593 1091 3683 post
1114 3580 1164 3655 ibi
1187 3597 1444 3683 permanerent,
1472 3608 1562 3657 nunc
1589 3583 1749 3673 latentes,
1777 3601 1869 3654 nune
1893 3592 1996 3680 caput
2016 3603 2106 3677 pau-

500 3736 608 3810 lulum
633 3735 839 3812 extollentes.
888 3734 944 3813 Ab
977 3734 1074 3810 initio
1108 3736 1209 3812 seculi
1235 3740 1337 3815 XIV.
1371 3764 1529 3814 errorum
1562 3738 1722 3839 oontngio
1756 3736 1867 3810 denuo
1899 3746 1971 3807 tam
2000 3731 2103 3834 longe

502 3917 635 3992 serpere
656 3891 873 3983 censebatur,
897 3903 935 3964 ut
958 3891 1158 3994 Inquisitio,
1181 3894 1388 3996 aliquamdiu
1411 3895 1582 3970 remissius
1604 3893 1777 3992 leniusque
1796 3901 1889 3981 retr,
1912 3888 1987 3967 vim
2005 3911 2103 3961 suam

502 4052 684 4152 reciperet,
718 4047 911 4151 multosque
937 4074 1000 4148 per
1025 4073 1132 4123 annos
1159 4050 1328 4128 retineret.
1377 4051 1468 4126 Hine
1493 4049 1651 4123 ellectum
1676 4058 1746 4138 est,
1769 4057 1826 4136 ut,
1850 4042 2010 4146 quamvis
2032 4066 2102 4116 non

526 4428 568 4496 (1)
585 4429 611 4481 8.
628 4444 766 4481 maranus.
782 4429 802 4481 1.
818 4445 842 4480 e.
860 4445 887 4496 p.
903 4426 964 4481 ⁴90.
978 4430 1028 4480 lroe
1042 4431 1168 4484 referred
1181 4447 1275 4485 annum
1288 4431 1469 4486 lccffllll.
1483 4430 1530 4484 aed
1543 4445 1610 4483 anuo
1627 4433 1685 4498 port
1702 4443 1749 4498 pax
1766 4427 1887 4480 restituta
1903 4431 1950 4479 eat.
1980 4425 2020 4479 cl.
2032 4438 2106 4494 prae·

588 4524 628 4569 ter
645 4519 708 4568 alios
725 4533 863 4571 remorans.
882 4518 902 4570 t.
922 4534 945 4570 e.
964 4535 991 4585 p.
1010 4520 1061 4572 229
1077 4537 1136 4587 sqq.

525 4606 566 4675 (2)
583 4607 654 4660 ntor.
674 4608 752 4662 Patr.
771 4609 841 4662 lom.
860 4608 935 4662 XXV.
955 4625 981 4675 p.
1003 4610 1052 4662 188
1069 4626 1127 4677 sqq.

438 4716 439 4720 ¹
526 4699 568 4767 (3)
586 4697 598 4767 ς
616 4698 643 4751 6.
662 4704 690 4750 et
706 4696 732 4752 7.
