4642 6224
1123 460 1203 544 112

370 789 412 835 er
440 761 564 834 scholis
592 758 819 847 adduxerant,
853 753 896 827 ad
923 779 983 844 ea,
1005 773 1096 853 ‘quae
1118 752 1154 823 iu
1179 751 1303 825 Literis
1329 751 1441 827 Sacris
1467 755 1533 829 sibi
1561 730 1708 859 reperire
1734 765 1963 863 videbantur,

369 912 624 1016 amplificanda,
657 908 855 984 illustranda
890 920 926 980 et
955 904 1186 980 confirmanda
1215 904 1442 1005 adhibebant,
1478 911 1537 984 sed
1569 913 1758 994 docuinam
1790 922 1963 1023 religionis

367 1072 409 1143 ab
441 1069 495 1141 his
520 1069 597 1142 unis
626 1067 749 1140 Literis
774 1063 976 1165 pendentem
1002 1061 1179 1135 faciehant.
1228 1057 1403 1134 Haeretici
1426 1079 1564 1166 contra,
1589 1069 1740 1145 Gnostici
1758 1077 1905 1151 maxime
1930 1093 1964 1151 et

366 1223 579 1315 Manichaei,
611 1221 800 1296 doctrinam
834 1219 928 1293 illam
970 1215 1163 1316 repetebant
1188 1239 1230 1288 ex
1253 1214 1476 1316 Philosophia
1502 1235 1584 1296 tunc
1611 1226 1746 1324 vigente
1773 1229 1960 1322 Orientali,

366 1379 558 1451 Literarum
581 1377 761 1450 Sacrorum
783 1374 908 1465 verba,
931 1397 997 1471 pro
1019 1372 1156 1471 ingenio
1179 1395 1262 1462 suo,
1286 1370 1329 1443 ad
1351 1399 1427 1448 eam
1446 1378 1750 1458 accommodantes.
1784 1385 1863 1457 lloc
1878 1410 1960 1461 vero

366 1534 424 1607 ubi
459 1534 533 1607 fieri
564 1558 631 1605 non
666 1544 821 1630 poterat,
854 1528 1054 1602 alterutrum
1087 1526 1275 1626 eligebant,
1304 1540 1344 1599 ut
1367 1529 1477 1604 libros
1489 1582 1500 1622 ,
1530 1558 1618 1632 quos
1637 1559 1714 1608 cum
1741 1536 1959 1636 opinionibus

363 1689 431 1760 suis
459 1689 495 1759 in
520 1677 738 1761 concordiam
763 1684 913 1784 redigere
940 1681 1149 1770 nesciebant,
1174 1680 1299 1753 nullius
1325 1683 1535 1756 auctoritatis
1559 1698 1595 1758 et
1618 1685 1697 1760 fidei
1720 1712 1792 1761 esse
1814 1700 1958 1762 conten-

266 1952 270 1956 *
362 1842 479 1916 darent
508 1855 542 1914 et
569 1852 782 1940 spernerent,
807 1837 862 1917 vel
889 1862 1022 1910 sensum
1051 1837 1095 1909 iis
1117 1835 1349 1934 Allegoricum
1376 1838 1579 1937 subjicerent
1593 1840 1666 1940 (l).
1714 1841 1865 1916 Ecclesia
1888 1843 1958 1919 ca.

256 2011 260 2021 “
362 1995 506 2086 tholica,
530 1997 553 2069 J
557 1994 739 2067 udaeorum
767 1991 908 2090 vestigia
931 2015 1087 2089 premens
1109 1990 1186 2090 (2),
1210 1992 1251 2062 iis
1273 1989 1379 2068 veluti
1408 1995 1581 2092 praeibat,
1603 2021 1683 2069 cum
1709 1994 1864 2072 doctores
1885 2000 1958 2097 ejus

359 2151 451 2224 haud
475 2176 553 2223 raro
574 2173 710 2223 sensum
738 2146 836 2220 illum
858 2144 1087 2244 Allegoricum
1115 2146 1351 2219 Grammatico
1375 2148 1612 2249 adjungerent,
1637 2150 1693 2227 vel
1715 2176 1782 2249 pro
1803 2176 1844 2225 ea
1871 2153 1957 2225 sub.

359 2305 543 2378 stituerunt.
579 2303 821 2375 Verumtamen
846 2299 910 2374 hac
937 2301 973 2372 in
997 2325 1033 2372 re
1060 2325 1127 2397 pro
1154 2298 1349 2374 scholarum
1374 2299 1566 2379 diversitate
1595 2302 1824 2380 diremerat
1849 2329 1957 2404 agen.-

357 2458 392 2532 di
422 2463 520 2534 ratio.
569 2455 793 2531 Alexandrini
818 2456 880 2527 toti
907 2456 945 2526 in
970 2455 1118 2555 figurato
1147 2454 1388 2555 interpretandi
1416 2480 1538 2556 genere
1566 2456 1739 2549 habitare,
1763 2456 1960 2533 Auiocteni

358 2626 393 2686 et
429 2611 651 2686 occidentales
680 2612 794 2684 literae
820 2609 930 2711 magis
958 2609 1137 2684 adhaerere
1173 2608 1325 2682 solebant
1340 2610 1412 2708 (3).
1462 2611 1584 2704 Quid?
1619 2611 1712 2712 quod
1739 2626 1957 2712 argumenta,

358 2788 547 2867 quaecum
571 2795 591 2839 a
612 2765 824 2857 Catholicis,
843 2777 918 2839 tum
941 2765 985 2837 ab
1008 2762 1196 2837 Haereticis
1218 2775 1460 2858 tractarentur,
1482 2790 1548 2866 pro
1569 2765 1702 2842 divam
1724 2765 1809 2840 coeli
1831 2767 1954 2866 plaga,

356 2922 420 2993 sub
456 2948 523 3021 qua
556 2921 713 3021 degerent
744 2921 920 3012 homines,
943 2917 1041 2996 valde
1064 2919 1152 2993 inter
1181 2944 1216 2991 se
1240 2917 1445 3019 discrepasse
1471 2921 1641 2996 novimus.
1694 2918 1875 2993 Oricum
1899 2920 1953 2996 vel

358 3072 482 3146 Graed
507 3074 549 3147 de
576 3075 677 3148 rebus
703 3073 920 3174 disputabant
954 3074 1244 3175 intelligibilibus,
1268 3073 1312 3147 ad
1340 3074 1405 3150 Dei
1428 3073 1576 3149 maxime
1597 3086 1752 3147 unimam
1774 3086 1809 3148 et
1832 3074 1951 3147 mundi

358 3229 811 3329 originempertinentibus:
850 3227 1070 3303 occidentalia
1091 3253 1174 3306 vero
1196 3227 1239 3300 de
1259 3226 1322 3318 iis,
1351 3252 1438 3326 quae
1460 3226 1591 3326 generis
1618 3225 1759 3301 humani
1782 3226 1954 3301 conditio-

265 3384 270 3393 '
355 3407 434 3456 nem
456 3396 491 3456 et
509 3381 597 3456 hanc
616 3382 722 3459 vitam
739 3395 932 3456 terrestrem
956 3380 1233 3482 spectabant(h).
1258 3382 1339 3455 Jam
1356 3380 1422 3456 hoc
1446 3380 1536 3455 idem
1559 3379 1741 3454 discrimen
1760 3382 1796 3454 in
1818 3381 1952 3483 placitis

357 3535 603 3637 Alhr'gensium,
637 3547 800 3635 quatenus
832 3533 975 3610 Cailrori
1001 3547 1117 3626 erant,
1148 3548 1183 3606 et
1212 3532 1423 3609 Valdensaitm
1448 3536 1606 3610 oemitur.
1656 3535 1731 3610 Hos
1755 3535 1892 3634 quidem
1915 3537 1951 3608 in

384 3766 424 3833 (1)
441 3768 568 3827 norma,
595 3768 628 3816 dr
647 3766 724 3817 ratur
743 3767 961 3818 ctrirtiarrorrrrrr
977 3751 1244 3818 antemuranum
1267 3782 1402 3832 mquam
1430 3782 1458 3832 p.
1476 3765 1528 3817 298
1545 3781 1602 3830 sqq.
1639 3766 1766 3817 ltunu.
1784 3765 1951 3830 Andomati-

411 3870 414 3878 ·
445 3871 501 3908 cur.
520 3872 546 3922 p.
565 3855 613 3905 ³11
633 3870 690 3920 sqq.
736 3859 825 3919 Bana,
851 3858 900 3908 dor
923 3856 1122 3908 limonario
1142 3856 1416 3922 Religioni-Syrien,
1441 3855 1513 3906 rioci»
1530 3857 1582 3921 dora
1600 3853 1710 3920 Quoties
1727 3870 1781 3912 m
1797 3857 1956 3906 autumate

445 3946 503 3994 arrd
518 3945 662 3995 minitati.
680 3961 707 4010 p.
726 3945 778 3996 378
795 3963 852 4010 sqq.

382 4035 423 4102 (2)
440 4032 602 4094 Iudaeorum
621 4035 802 4101 interpretatio
818 4037 962 4101 allegorica
976 4038 1037 4087 ratis
1053 4037 1156 4102 capita
1170 4041 1226 4088 ert:
1244 4036 1289 4087 aed
1304 4035 1388 4086 obiter
1404 4035 1545 4087 anundum
1560 4036 1676 4096 videtur,
1696 4035 1880 4088 reoentioribna
1895 4052 1953 4087 cer·

444 4130 470 4176 ta
485 4125 639 4191 temporibur
661 4124 778 4176 Karaeor
796 4142 823 4176 ae
842 4142 857 4176 ι
877 4126 1034 4176 hebionitis
1050 4127 1100 4176 hoo
1118 4127 1220 4176 nomine
1237 4126 1395 4184 ᾱίιίίιιιὶωο,
1415 4129 1446 4173 ut
1464 4127 1701 4190 interpretationem
1716 4125 1787 4175 illam
1805 4127 1951 4191 rejiceoent.

432 4198 481 4265 ¹(tt.
506 4230 695 4276 narranaam,
722 4215 843 4266 llirtorr'o
866 4217 1103 4281 interpretationis
1120 4215 1251 4265 librorum
1270 4215 1467 4265 Sacrorum-iri
1487 4213 1607 4264 Ecetram
1634 4214 1800 4266 christiano.
1825 4215 1894 4265 Tam.
1919 4217 1950 4265 V.

441 4321 468 4370 Ρ·
487 4305 538 4352 ²1⁶
555 4321 612 4368 aaa·
1875 4285 1880 4297 ’

384 4395 424 4457 (3)
441 4395 495 4443 Ver
513 4409 768 4454 incurri-names,
798 4395 954 4445 Geertictte
970 4397 1016 4444 der
1034 4395 1257 4446 Christanttrrm.
1276 4393 1345 4445 Tam.
1365 4394 1387 4444 1.
1406 4394 1476 4444 Part.
1495 4393 1531 4444 11.
1550 4410 1577 4459 p.
1597 4391 1648 4444 775
1665 4408 1723 4457 ann.

366 4500 370 4507 ·
383 4482 423 4546 (i)
442 4485 574 4543 Naurum,
595 4483 755 4548 Allqmrirrr
774 4484 927 4534 Grectictta
940 4487 988 4534 der
1004 4485 1184 4538 Chrirttirlaerr
1197 4484 1321 4549 Religion
1334 4486 1392 4534 aad
1406 4484 1513 4534 narrar.
1529 4483 1600 4535 rom.
1614 4483 1650 4553 ll.
1662 4484 1733 4536 narr.
1745 4484 1781 4536 11.
1793 4501 1820 4551 p.
1831 4481 1882 4535 7⁴0
1892 4498 1948 4548 sqq.

381 4576 382 4580 ’
443 4573 494 4621 896
514 4589 571 4636 sqq.
593 4574 662 4623 Part.
683 4575 733 4623 ltt.
753 4591 779 4638 p.
802 4574 868 4623 tran
886 4576 1142 4637 rqq.et(21.rrrr,
1172 4574 1266 4625 Oratio
1284 4575 1316 4624 dr
1335 4573 1455 4624 Ecclesia
1477 4574 1595 4637 Graeca,
1623 4572 1741 4627 Divinae
1761 4573 1951 4627 Providentiae

444 4668 523 4723 torto,
544 4664 570 4712 in
588 4661 686 4715 Arnai.
707 4663 786 4715 Acod.
805 4663 891 4730 laert.
912 4664 974 4716 Bai.
994 4666 1054 4715 anni
1069 4663 1497 4718 accentu-locutum.
