4642 6224
1088 457 1191 593 ‚39
1433 512 1525 524 ''

358 772 527 875 uwrtffero
553 764 709 846 lethaliter
733 762 934 865 inficetum
965 785 1107 862 quarum
1133 759 1264 862 quidem
1287 759 1393 834 malus
1416 771 1463 835 est
1487 770 1599 855 ortus,
1624 765 1723 868 pejor
1745 792 1965 870 propresaus,

358 939 389 1005 et
424 928 531 1005 cadus
557 925 726 1030 pessimus.
785 919 921 1014 Quibus
947 917 1083 1016 scriptis
1115 929 1232 992 auctor
1262 916 1441 1017 Originem
1471 917 1683 994 Valdemrum
1706 948 1844 998 narrare
1870 926 1960 1000 iuci-
2110 908 2119 919 ¹

359 1087 478 1185 piens,
507 1083 596 1158 hauc
617 1083 726 1155 lucem
749 1074 1028 1180 praecedentibus
1053 1071 1245 1174 adspergit,
1268 1086 1307 1147 ut
1338 1101 1417 1150 eum
1441 1073 1484 1150 de
1511 1090 1600 1151 secta
1626 1079 1788 1179 peculiari
1809 1079 1961 1155 locutum

359 1267 430 1315 esse
456 1251 595 1315 constet.
645 1234 749 1310 llaud
775 1233 917 1308 minoris
948 1230 1107 1333 ponderis
1131 1244 1199 1322 est,
1226 1229 1320 1330 quod
1343 1231 1489 1331 legimus
1514 1233 1604 1333 apud
1625 1234 1826 1334 scriptorem
1850 1236 1962 1310 multo

358 1395 585 1498 antiquiorem
606 1389 774 1466 doctrinae
799 1387 840 1461 de
866 1386 964 1461 modo
986 1384 1184 1488 procedendi
1208 1393 1324 1459 contra
1350 1385 1548 1462 Hwnuos
1576 1388 1658 1488 (l),
1695 1391 1792 1488 cujus
1823 1390 1959 1464 initium

355 1553 422 1626 hoc
445 1562 516 1625 est:
556 1547 628 1622 Isto
655 1544 754 1619 modo
775 1542 960 1649 procedunt
986 1539 1202 1642 loquacitates
1227 1539 1262 1613 iu
1286 1541 1439 1645 partebus
1465 1541 1779 1618 Carcarsonenubus
1808 1552 1838 1618 el
1866 1544 1962 1637 llan-

357 1704 486 1780 losauis.
544 1701 668 1774 Praiuo
704 1706 877 1773 nonaum
911 1697 962 1770 uel
996 1704 1162 1800 suspectus
1186 1694 1226 1768 de
1253 1695 1400 1770 Haeresi
1442 1695 1582 1770 citatur:
1618 1697 1679 1799 qui
1712 1698 1837 1773 veaiem
1864 1700 1963 1800 jurat

361 1883 460 1963 super
486 1856 609 1929 Sancta
627 1853 829 1954 Evanpelia,
852 1877 951 1957 super
972 1850 1105 1924 erimine
1125 1850 1286 1924 Haeruis
1307 1851 1358 1925 uel
1383 1849 1573 1945 Valdesiae,
1594 1859 1661 1923 tam
1683 1851 1724 1925 de
1743 1877 1777 1926 ce
1796 1879 1897 1954 quam
1920 1854 1963 1926 de

357 2014 452 2107 aliu,
475 2019 543 2086 tam
567 2008 647 2082 vivr's
666 2033 768 2110 quam
789 2004 967 2105 ἅφιηείὶε,
986 2005 1093 2079 dicere
1109 2004 1315 2110 plenariam,
1339 2030 1440 2107 quam
1461 2006 1539 2099 seit,
1563 2005 1746 2081 veritmem:
1766 2017 1796 2082 el
1820 2010 1851 2082 si
1872 2009 1961 2083 cela-

358 2168 458 2260 uerit,
482 2164 533 2240 uel
559 2162 743 2266 uegauffl,
767 2162 801 2235 in
828 2186 959 2237 carcere
982 2159 1122 2265 pontiur
1149 2169 1179 2253 et
1205 2159 1380 2255 detinetur,
1408 2162 1511 2236 donec
1528 2160 1637 2260 suerit
1664 2163 1839 2270 conserues.
1888 2165 1961 2240 Ubi

356 2323 511 2424 primum
541 2279 728 2420 generatim
753 2315 921 2391 Haeresiu
947 2331 1135 2413 memorat3
1167 2331 1241 2393 tum
1270 2344 1353 2397 varo
1380 2320 1529 2394 scribens
1558 2320 1692 2393 crimine
1713 2270 1883 2420 praeiens
1901 2323 1963 2394 uel

362 2474 534 2548 Vallmme
565 2473 741 2572 perspicue
772 2470 859 2543 hunc
888 2482 1012 2544 sectam
1037 2471 1081 2544 ab
1108 2471 1182 2544 aliis
1212 2473 1374 2547 omnihus
1401 2473 1572 2548 disceruit.
1632 2476 1710 2550 Nou
1737 2476 1846 2549 solum
1869 2478 1962 2550 enim

361 2631 404 2705 de
419 2589 609 2703 llaereticis
630 2628 784 2727 loquitur
805 2625 951 2731 partium
967 2625 1277 2700 carcassonensium
1295 2635 1326 2700 et
1345 2626 1624 2718 llrolosouarum,
1649 2629 1707 2701 ubi
1727 2629 1961 2720 Manichacus,

243 2771 253 2785 ⁹
360 2785 558 2877 Gnosticos,
596 2784 747 2858 Arcanos
780 2808 917 2883 quoque
953 2780 1054 2854 fuisse
1091 2778 1223 2855 aliunde
1258 2783 1420 2859 novimus
1453 2796 1486 2856 et
1516 2784 1603 2856 iulra
1628 2784 1875 2882 probabimus3
1905 2787 1962 2858 sed

358 2943 460 3017 etiam
497 2913 682 3016 formulam
718 2937 880 3013 Haeresis
914 2937 966 3010 uel
1000 2934 1177 3028 Valdesia,
1210 2937 1275 3010 alia
1309 2936 1485 3011 Haeretici
1509 2937 1560 3012 uel
1586 2938 1792 3013 lusabbatati
1821 2941 1888 3014 hoc
1924 2946 1961 3013 in

357 3094 448 3170 libro
474 3096 665 3196 saepissime
679 3104 882 3195 permutat,
915 3092 1017 3166 altera
1043 3117 1129 3168 uoce
1158 3090 1249 3165 haud
1275 3092 1380 3166 dubie
1404 3091 1602 3187 Valdeuses,
1626 3095 1730 3170 altera
1759 3109 1887 3170 ceteros
1911 3100 1961 3170 si-

361 3252 526 3352 gnificans
552 3229 710 3325 homiues
736 3262 771 3321 et
794 3260 901 3322 sectas
925 3247 970 3319 ab
999 3247 1149 3322 Ecclesia
1169 3245 1385 3325 discedcntes.
1435 3252 1578 3352 Oppoui
1602 3249 1689 3324 milri
1715 3253 1844 3350 possit,
1869 3253 1963 3353 quod

360 3406 464 3507 paulo
485 3405 625 3480 iuferius
644 3406 829 3508 reperitur:
852 3403 943 3478 Iuro
963 3401 1076 3495 aum,
1100 3401 1192 3506 quod
1210 3426 1285 3477 eum
1306 3403 1541 3499 Valdernibus,
1565 3404 1779 3511 Pauperibus
1797 3407 1838 3481 de
1857 3407 1967 3512 Lug-

360 3561 470 3654 duuo,
503 3560 707 3653 Iusabbatis,
737 3559 787 3633 uel
812 3557 1022 3653 Haerelieis,
1054 3556 1285 3661 cujuscumque
1308 3559 1543 3662 generarint,
1568 3561 1785 3654 amuortium,
1803 3561 1963 3662 samta-

359 3717 510 3810 ritatem,
534 3716 585 3790 uel
603 3715 890 3819 partierpationem
910 3715 1057 3817 aliquam
1074 3741 1140 3790 uon
1161 3713 1295 3793 iubebo.
1339 3709 1410 3790 sed
1430 3717 1479 3790 ibi
1502 3718 1567 3790 tria
1590 3730 1722 3812 tautum
1748 3693 1848 3792 unius
1866 3723 1962 3819 ejus-

361 3871 506 3974 demque
534 3885 662 3966 sectae,
696 3898 716 3945 a
744 3899 813 3972 qua
838 3872 895 3945 alii
921 3870 1096 3945 Haeretici
1117 3871 1389 3973 distinguantur,
1418 3871 1558 3948 excitari
1585 3874 1745 3966 nomina,
1772 3873 1959 3949 luculenter

293 4110 297 4117 ,
359 4053 402 4104 ex
423 4026 558 4103 duobus
580 4040 721 4130 apparet
743 4027 850 4121 locis,
875 4028 982 4102 altem
1003 4026 1241 4128 praecedente:
1265 4026 1346 4129 llpo
1374 4027 1465 4122 rata,
1492 4054 1671 4131 agnoscens
1694 4055 1805 4102 uuam
1829 4029 1960 4105 Callio-

360 4180 458 4255 licam
481 4188 512 4255 et
534 4182 763 4282 Apostolicam
777 4183 903 4281 fidem,
936 4181 1054 4285 abjuro
1087 4182 1326 4285 etabjurando
1353 4185 1492 4260 detestor
1515 4210 1640 4261 omnem
1658 4183 1831 4277 haeresim,
1855 4213 1959 4286 prae-

391 4692 430 4758 (t)
448 4691 520 4758 Apud
538 4696 696 4745 narraret
714 4709 828 4758 nerana,
854 4697 951 4752 duead.
971 4700 1041 4753 lom.
1060 4700 1091 4752 V.
1110 4717 1137 4768 p.
1159 4698 1224 4754 1798
1242 4716 1301 4766 aaa.
