<?xml version="1.0" encoding="UTF-8"?>
<!DOCTYPE html PUBLIC "-//W3C//DTD XHTML 1.0 Transitional//EN"
    "http://www.w3.org/TR/xhtml1/DTD/xhtml1-transitional.dtd">
<html xmlns="http://www.w3.org/1999/xhtml" xml:lang="en" lang="en">
 <head>
  <title>
</title>
<meta http-equiv="Content-Type" content="text/html;charset=utf-8" />
  <meta name='ocr-system' content='tesseract 3.04.00' />
  <meta name='ocr-capabilities' content='ocr_page ocr_carea ocr_par ocr_line ocrx_word'/>
</head>
<body>
  <div class='ocr_page' id='page_1' title='image "./disputatioacade00jasgoog_0031.png"; bbox 0 0 4642 6224; ppageno 0'>
   <div class='ocr_carea' id='block_1_1' title="bbox 1141 434 1192 523">
    <p class='ocr_par' dir='ltr' id='par_1_1' title="bbox 1141 434 1192 523">
     <span class='ocr_line' id='line_1_1' title="bbox 1141 434 1192 523; baseline -0.039 0"><span class='ocrx_word' id='word_1_1' title='bbox 1141 434 1192 523; x_wconf 84' lang='lat' dir='ltr'><strong><em>la</em></strong></span> 
     </span>
    </p>
   </div>
   <div class='ocr_carea' id='block_1_2' title="bbox 370 692 1968 838">
    <p class='ocr_par' dir='ltr' id='par_1_2' title="bbox 370 692 1968 838">
     <span class='ocr_line' id='line_1_2' title="bbox 370 692 1968 838; baseline 0.009 -41"><span class='ocrx_word' id='word_1_2' title='bbox 370 724 585 799; x_wconf 89' lang='lat' dir='ltr'><strong><em>interdictum</em></strong></span> <span class='ocrx_word' id='word_1_3' title='bbox 617 692 913 824; x_wconf 63' lang='lat' dir='ltr'><strong><em>essefstatuebnnt</em></strong></span> <span class='ocrx_word' id='word_1_4' title='bbox 946 722 1157 827; x_wconf 79' lang='lat' dir='ltr'><strong><em>Atbr&#39;genses‚</em></strong></span> <span class='ocrx_word' id='word_1_5' title='bbox 1201 729 1387 805; x_wconf 85' lang='lat' dir='ltr'><strong><em>secundum</em></strong></span> <span class='ocrx_word' id='word_1_6' title='bbox 1420 755 1583 808; x_wconf 75' lang='lat' dir='ltr'><strong><em>nannum</em></strong></span> <span class='ocrx_word' id='word_1_7' title='bbox 1614 734 1839 830; x_wconf 79' lang='lat' dir='ltr'><strong><em>Monachum,</em></strong></span> <span class='ocrx_word' id='word_1_8' title='bbox 1870 745 1968 838; x_wconf 78' lang='lat' dir='ltr'><strong><em>cujus</em></strong></span> 
     </span>
    </p>
   </div>
   <div class='ocr_carea' id='block_1_3' title="bbox 266 879 1965 2530">
    <p class='ocr_par' dir='ltr' id='par_1_3' title="bbox 266 879 1965 2530">
     <span class='ocr_line' id='line_1_3' title="bbox 366 879 1965 993; baseline 0.004 -34"><span class='ocrx_word' id='word_1_9' title='bbox 366 882 470 959; x_wconf 81' lang='lat' dir='ltr'><strong><em>verba</em></strong></span> <span class='ocrx_word' id='word_1_10' title='bbox 498 894 595 954; x_wconf 90' lang='lat' dir='ltr'><strong><em>sunt:</em></strong></span> <span class='ocrx_word' id='word_1_11' title='bbox 629 906 692 954; x_wconf 84' lang='lat' dir='ltr'><strong><em>non</em></strong></span> <span class='ocrx_word' id='word_1_12' title='bbox 719 880 898 954; x_wconf 60' lang='lat' dir='ltr'><strong><em>mentes</em></strong></span> <span class='ocrx_word' id='word_1_13' title='bbox 922 879 1027 953; x_wconf 81' lang='lat' dir='ltr'><strong><em>uideri</em></strong></span> <span class='ocrx_word' id='word_1_14' title='bbox 1047 881 1215 975; x_wconf 82' lang='lat' dir='ltr'><strong><em>volebant,</em></strong></span> <span class='ocrx_word' id='word_1_15' title='bbox 1243 909 1317 958; x_wconf 75' lang='lat' dir='ltr'><strong><em>arm</em></strong></span> <span class='ocrx_word' id='word_1_16' title='bbox 1344 885 1409 986; x_wconf 83' lang='lat' dir='ltr'><strong><em>ipsi</em></strong></span> <span class='ocrx_word' id='word_1_17' title='bbox 1431 885 1572 960; x_wconf 65' lang='lat' dir='ltr'><strong><em>monna</em></strong></span> <span class='ocrx_word' id='word_1_18' title='bbox 1595 888 1635 962; x_wconf 80' lang='lat' dir='ltr'><strong><em>de</em></strong></span> <span class='ocrx_word' id='word_1_19' title='bbox 1658 890 1736 965; x_wconf 87' lang='lat' dir='ltr'><strong><em>Deo</em></strong></span> <span class='ocrx_word' id='word_1_20' title='bbox 1760 897 1857 993; x_wconf 80' lang='lat' dir='ltr'><strong><em>quasi</em></strong></span> <span class='ocrx_word' id='word_1_21' title='bbox 1883 919 1965 968; x_wconf 80' lang='lat' dir='ltr'><strong><em>oau-</em></strong></span> 
     </span>
     <span class='ocr_line' id='line_1_4' title="bbox 367 1032 1964 1148; baseline 0.01 -40"><span class='ocrx_word' id='word_1_22' title='bbox 367 1037 453 1109; x_wconf 81' lang='lat' dir='ltr'><strong><em>tiuue</em></strong></span> <span class='ocrx_word' id='word_1_23' title='bbox 486 1034 703 1109; x_wconf 82' lang='lat' dir='ltr'><strong><em>mentirentur.</em></strong></span> <span class='ocrx_word' id='word_1_24' title='bbox 750 1032 914 1109; x_wconf 82' lang='lat' dir='ltr'><strong><em>Dicebant</em></strong></span> <span class='ocrx_word' id='word_1_25' title='bbox 932 1037 1027 1110; x_wconf 74' lang='lat' dir='ltr'><strong><em>etrum</em></strong></span> <span class='ocrx_word' id='word_1_26' title='bbox 1050 1038 1142 1139; x_wconf 75' lang='lat' dir='ltr'><strong><em>quod</em></strong></span> <span class='ocrx_word' id='word_1_27' title='bbox 1164 1039 1254 1112; x_wconf 80' lang='lat' dir='ltr'><strong><em>nulla</em></strong></span> <span class='ocrx_word' id='word_1_28' title='bbox 1281 1067 1424 1143; x_wconf 79' lang='lat' dir='ltr'><strong><em>unquam</em></strong></span> <span class='ocrx_word' id='word_1_29' title='bbox 1443 1042 1567 1115; x_wconf 84' lang='lat' dir='ltr'><strong><em>ratione</em></strong></span> <span class='ocrx_word' id='word_1_30' title='bbox 1596 1042 1730 1119; x_wconf 82' lang='lat' dir='ltr'><strong><em>debcant</em></strong></span> <span class='ocrx_word' id='word_1_31' title='bbox 1746 1047 1867 1145; x_wconf 79' lang='lat' dir='ltr'><strong><em>jurare</em></strong></span> <span class='ocrx_word' id='word_1_32' title='bbox 1893 1049 1964 1148; x_wconf 91' lang='grc'><strong>(1).</strong></span> 
     </span>
     <span class='ocr_line' id='line_1_5' title="bbox 266 1158 1963 1301; baseline 0.006 -38"><span class='ocrx_word' id='word_1_33' title='bbox 266 1158 273 1186; x_wconf 60' lang='lat'>⁸</span> <span class='ocrx_word' id='word_1_34' title='bbox 369 1190 583 1301; x_wconf 79' lang='lat' dir='ltr'><strong><em>Valdcnsibus</em></strong></span> <span class='ocrx_word' id='word_1_35' title='bbox 609 1189 752 1268; x_wconf 87' lang='lat' dir='ltr'><strong><em>eundem</em></strong></span> <span class='ocrx_word' id='word_1_36' title='bbox 776 1192 972 1291; x_wconf 84' lang='lat' dir='ltr'>opinionem</span> <span class='ocrx_word' id='word_1_37' title='bbox 998 1192 1117 1266; x_wconf 83' lang='lat' dir='ltr'>tribuit</span> <span class='ocrx_word' id='word_1_38' title='bbox 1143 1215 1301 1269; x_wconf 69' lang='lat' dir='ltr'><strong><em>Annuus</em></strong></span> <span class='ocrx_word' id='word_1_39' title='bbox 1328 1195 1371 1268; x_wconf 89' lang='lat' dir='ltr'><strong><em>de</em></strong></span> <span class='ocrx_word' id='word_1_40' title='bbox 1397 1196 1441 1269; x_wconf 93' lang='lat' dir='ltr'><strong><em>iis</em></strong></span> <span class='ocrx_word' id='word_1_41' title='bbox 1468 1198 1616 1271; x_wconf 89' lang='lat' dir='ltr'><strong><em>scribens</em></strong></span> <span class='ocrx_word' id='word_1_42' title='bbox 1641 1198 1724 1298; x_wconf 84' lang='lat'>(2):</span> <span class='ocrx_word' id='word_1_43' title='bbox 1758 1207 1805 1272; x_wconf 83' lang='lat' dir='ltr'><strong><em>est</em></strong></span> <span class='ocrx_word' id='word_1_44' title='bbox 1828 1201 1963 1274; x_wconf 76' lang='lat' dir='ltr'><strong><em>statius</em></strong></span> 
     </span>
     <span class='ocr_line' id='line_1_6' title="bbox 363 1346 1964 1457; baseline 0.006 -36"><span class='ocrx_word' id='word_1_45' title='bbox 363 1347 603 1450; x_wconf 58' lang='lat' dir='ltr'><strong><em>mediatorum</em></strong></span> <span class='ocrx_word' id='word_1_46' title='bbox 635 1371 749 1437; x_wconf 85' lang='lat' dir='ltr'><strong><em>error,</em></strong></span> <span class='ocrx_word' id='word_1_47' title='bbox 780 1346 872 1449; x_wconf 79' lang='lat' dir='ltr'><strong><em>quad</em></strong></span> <span class='ocrx_word' id='word_1_48' title='bbox 911 1356 1075 1438; x_wconf 74' lang='lat' dir='ltr'><strong><em>asserant,</em></strong></span> <span class='ocrx_word' id='word_1_49' title='bbox 1110 1348 1202 1451; x_wconf 79' lang='lat' dir='ltr'><strong><em>quod</em></strong></span> <span class='ocrx_word' id='word_1_50' title='bbox 1239 1374 1330 1424; x_wconf 82' lang='lat' dir='ltr'><strong><em>omne</em></strong></span> <span class='ocrx_word' id='word_1_51' title='bbox 1369 1352 1568 1424; x_wconf 70' lang='lat' dir='ltr'><strong><em>mutuarum</em></strong></span> <span class='ocrx_word' id='word_1_52' title='bbox 1607 1361 1653 1426; x_wconf 86' lang='lat' dir='ltr'><strong><em>est</em></strong></span> <span class='ocrx_word' id='word_1_53' title='bbox 1675 1361 1845 1457; x_wconf 82' lang='lat' dir='ltr'><strong><em>peccatum</em></strong></span> <span class='ocrx_word' id='word_1_54' title='bbox 1871 1382 1964 1430; x_wconf 89' lang='lat' dir='ltr'><strong><em>mor-</em></strong></span> 
     </span>
     <span class='ocr_line' id='line_1_7' title="bbox 365 1502 1960 1607; baseline 0.004 -32"><span class='ocrx_word' id='word_1_55' title='bbox 365 1505 451 1591; x_wconf 83' lang='lat' dir='ltr'><strong><em>taie;</em></strong></span> <span class='ocrx_word' id='word_1_56' title='bbox 474 1516 509 1576; x_wconf 90' lang='lat' dir='ltr'><strong><em>et</em></strong></span> <span class='ocrx_word' id='word_1_57' title='bbox 531 1504 760 1606; x_wconf 10' lang='lat' dir='ltr'><strong><em>(3)yasseruut</em></strong></span> <span class='ocrx_word' id='word_1_58' title='bbox 781 1502 877 1574; x_wconf 67' lang='lat' dir='ltr'><strong><em>dmm</em></strong></span> <span class='ocrx_word' id='word_1_59' title='bbox 894 1503 1059 1607; x_wconf 76' lang='lat' dir='ltr'><strong><em>praedicti</em></strong></span> <span class='ocrx_word' id='word_1_60' title='bbox 1077 1502 1268 1596; x_wconf 80' lang='lat' dir='ltr'><strong><em>Haeretici,</em></strong></span> <span class='ocrx_word' id='word_1_61' title='bbox 1291 1504 1379 1579; x_wconf 78' lang='lat' dir='ltr'><strong><em>nullo</em></strong></span> <span class='ocrx_word' id='word_1_62' title='bbox 1403 1505 1500 1579; x_wconf 83' lang='lat' dir='ltr'><strong><em>modo</em></strong></span> <span class='ocrx_word' id='word_1_63' title='bbox 1524 1531 1590 1578; x_wconf 84' lang='lat' dir='ltr'><strong><em>asse</em></strong></span> <span class='ocrx_word' id='word_1_64' title='bbox 1607 1506 1803 1606; x_wconf 81' lang='lat' dir='ltr'><strong><em>jurandum.</em></strong></span> <span class='ocrx_word' id='word_1_65' title='bbox 1857 1509 1960 1600; x_wconf 92' lang='lat' dir='ltr'><strong><em>Quod</em></strong></span> 
     </span>
     <span class='ocr_line' id='line_1_8' title="bbox 362 1655 1961 1763; baseline 0.004 -33"><span class='ocrx_word' id='word_1_66' title='bbox 362 1655 536 1756; x_wconf 85' lang='lat' dir='ltr'><strong><em>quomodo</em></strong></span> <span class='ocrx_word' id='word_1_67' title='bbox 562 1657 619 1730; x_wconf 90' lang='lat' dir='ltr'><strong><em>alii</em></strong></span> <span class='ocrx_word' id='word_1_68' title='bbox 641 1658 843 1730; x_wconf 86' lang='lat' dir='ltr'><strong><em>confirment</em></strong></span> <span class='ocrx_word' id='word_1_69' title='bbox 869 1658 1052 1757; x_wconf 81' lang='lat' dir='ltr'><strong><em>scriptores</em></strong></span> <span class='ocrx_word' id='word_1_70' title='bbox 1077 1659 1159 1759; x_wconf 75' lang='lat'>(4),</span> <span class='ocrx_word' id='word_1_71' title='bbox 1190 1660 1365 1735; x_wconf 83' lang='lat' dir='ltr'><strong><em>brevitatis</em></strong></span> <span class='ocrx_word' id='word_1_72' title='bbox 1388 1686 1488 1735; x_wconf 85' lang='lat' dir='ltr'><strong><em>causa</em></strong></span> <span class='ocrx_word' id='word_1_73' title='bbox 1515 1662 1825 1763; x_wconf 86' lang='lat' dir='ltr'><strong><em>praetermittimus.</em></strong></span> <span class='ocrx_word' id='word_1_74' title='bbox 1884 1663 1961 1736; x_wconf 91' lang='lat' dir='ltr'><strong><em>Hoc</em></strong></span> 
     </span>
     <span class='ocr_line' id='line_1_9' title="bbox 363 1810 1959 1915; baseline 0.001 -30"><span class='ocrx_word' id='word_1_75' title='bbox 363 1837 469 1885; x_wconf 90' lang='lat' dir='ltr'><strong><em>unum</em></strong></span> <span class='ocrx_word' id='word_1_76' title='bbox 505 1810 696 1884; x_wconf 87' lang='lat' dir='ltr'><strong><em>addendum</em></strong></span> <span class='ocrx_word' id='word_1_77' title='bbox 739 1810 892 1900; x_wconf 84' lang='lat' dir='ltr'><strong><em>ridetur,</em></strong></span> <span class='ocrx_word' id='word_1_78' title='bbox 924 1836 1088 1888; x_wconf 69' lang='lat' dir='ltr'><strong><em>annuum</em></strong></span> <span class='ocrx_word' id='word_1_79' title='bbox 1112 1814 1338 1907; x_wconf 64' lang='lat' dir='ltr'><strong><em>Monaesen,</em></strong></span> <span class='ocrx_word' id='word_1_80' title='bbox 1368 1829 1549 1915; x_wconf 85' lang='lat' dir='ltr'><strong><em>postquam</em></strong></span> <span class='ocrx_word' id='word_1_81' title='bbox 1579 1815 1703 1913; x_wconf 89' lang='lat' dir='ltr'><strong><em>placitu</em></strong></span> <span class='ocrx_word' id='word_1_82' title='bbox 1728 1841 1869 1905; x_wconf 90' lang='lat' dir='ltr'><strong><em>eorum,</em></strong></span> <span class='ocrx_word' id='word_1_83' title='bbox 1900 1817 1959 1914; x_wconf 84' lang='lat' dir='ltr'><strong><em>qui</em></strong></span> 
     </span>
     <span class='ocr_line' id='line_1_10' title="bbox 364 1924 1960 2070; baseline 0 -28"><span class='ocrx_word' id='word_1_84' title='bbox 364 1967 556 2068; x_wconf 62' lang='lat' dir='ltr'><strong><em>Albrgeases</em></strong></span> <span class='ocrx_word' id='word_1_85' title='bbox 587 1965 767 2056; x_wconf 88' lang='lat' dir='ltr'><strong><em>dicuntur,</em></strong></span> <span class='ocrx_word' id='word_1_86' title='bbox 797 1978 832 2037; x_wconf 94' lang='lat' dir='ltr'><strong><em>et</em></strong></span> <span class='ocrx_word' id='word_1_87' title='bbox 861 1964 1072 2038; x_wconf 65' lang='lat' dir='ltr'><strong><em>Vatdensum</em></strong></span> <span class='ocrx_word' id='word_1_88' title='bbox 1105 1969 1328 2056; x_wconf 80' lang='lat' dir='ltr'><strong>recensuerit,</strong></span> <span class='ocrx_word' id='word_1_89' title='bbox 1359 1971 1545 2040; x_wconf 86' lang='lat' dir='ltr'><strong><em>orationem</em></strong></span> <span class='ocrx_word' id='word_1_90' title='bbox 1578 1969 1626 2040; x_wconf 93' lang='lat' dir='ltr'><strong><em>sic</em></strong></span> <span class='ocrx_word' id='word_1_91' title='bbox 1644 1924 1830 2070; x_wconf 88' lang='lat' dir='ltr'><strong><em>persequi:</em></strong></span> <span class='ocrx_word' id='word_1_92' title='bbox 1861 1970 1960 2043; x_wconf 82' lang='lat' dir='ltr'><strong><em>Haeo</em></strong></span> 
     </span>
     <span class='ocr_line' id='line_1_11' title="bbox 360 2117 1960 2225; baseline 0.001 -31"><span class='ocrx_word' id='word_1_93' title='bbox 360 2147 421 2194; x_wconf 83' lang='lat' dir='ltr'><strong><em>nos</em></strong></span> <span class='ocrx_word' id='word_1_94' title='bbox 446 2121 486 2192; x_wconf 84' lang='lat' dir='ltr'><strong><em>de</em></strong></span> <span class='ocrx_word' id='word_1_95' title='bbox 512 2119 603 2193; x_wconf 88' lang='lat' dir='ltr'><strong><em>sectis</em></strong></span> <span class='ocrx_word' id='word_1_96' title='bbox 630 2118 883 2192; x_wconf 78' lang='lat' dir='ltr'><strong><em>Haereticomm</em></strong></span> <span class='ocrx_word' id='word_1_97' title='bbox 906 2117 1043 2192; x_wconf 83' lang='lat' dir='ltr'><strong><em>breuiter</em></strong></span> <span class='ocrx_word' id='word_1_98' title='bbox 1065 2119 1262 2225; x_wconf 68' lang='lat' dir='ltr'><strong><em>excerpsisse</em></strong></span> <span class='ocrx_word' id='word_1_99' title='bbox 1286 2119 1433 2220; x_wconf 78' lang='lat' dir='ltr'><strong><em>sufficrat.</em></strong></span> <span class='ocrx_word' id='word_1_100' title='bbox 1486 2117 1629 2209; x_wconf 82' lang='lat' dir='ltr'><strong><em>Quando</em></strong></span> <span class='ocrx_word' id='word_1_101' title='bbox 1656 2119 1774 2220; x_wconf 81' lang='lat' dir='ltr'><strong><em>alr&#39;quis</em></strong></span> <span class='ocrx_word' id='word_1_102' title='bbox 1798 2148 1832 2194; x_wconf 85' lang='lat' dir='ltr'><strong><em>sc</em></strong></span> <span class='ocrx_word' id='word_1_103' title='bbox 1854 2123 1960 2196; x_wconf 84' lang='lat' dir='ltr'><strong><em>reddit</em></strong></span> 
     </span>
     <span class='ocr_line' id='line_1_12' title="bbox 364 2272 1959 2376; baseline -0.002 -27"><span class='ocrx_word' id='word_1_104' title='bbox 364 2274 572 2365; x_wconf 62' lang='lat' dir='ltr'><strong><em>Haereses,</em></strong></span> <span class='ocrx_word' id='word_1_105' title='bbox 595 2274 647 2347; x_wconf 78' lang='lat' dir='ltr'><strong><em>ou</em></strong></span> <span class='ocrx_word' id='word_1_106' title='bbox 673 2272 751 2346; x_wconf 80' lang='lat' dir='ltr'><strong><em>dicit</em></strong></span> <span class='ocrx_word' id='word_1_107' title='bbox 774 2275 834 2375; x_wconf 80' lang='lat' dir='ltr'><strong><em>qui</em></strong></span> <span class='ocrx_word' id='word_1_108' title='bbox 857 2274 970 2374; x_wconf 86' lang='lat' dir='ltr'><strong><em>recipit</em></strong></span> <span class='ocrx_word' id='word_1_109' title='bbox 993 2299 1086 2348; x_wconf 84' lang='lat' dir='ltr'><strong><em>eum:</em></strong></span> <span class='ocrx_word' id='word_1_110' title='bbox 1116 2274 1232 2348; x_wconf 80' lang='lat' dir='ltr'><strong><em>Amice</em></strong></span> <span class='ocrx_word' id='word_1_111' title='bbox 1259 2274 1289 2346; x_wconf 86' lang='lat' dir='ltr'><strong><em>si</em></strong></span> <span class='ocrx_word' id='word_1_112' title='bbox 1313 2272 1361 2345; x_wconf 86' lang='lat' dir='ltr'><strong><em>vis</em></strong></span> <span class='ocrx_word' id='word_1_113' title='bbox 1384 2297 1450 2346; x_wconf 86' lang='lat' dir='ltr'><strong><em>csse</em></strong></span> <span class='ocrx_word' id='word_1_114' title='bbox 1468 2272 1508 2344; x_wconf 79' lang='lat' dir='ltr'><strong><em>da</em></strong></span> <span class='ocrx_word' id='word_1_115' title='bbox 1535 2273 1670 2363; x_wconf 78' lang='lat' dir='ltr'><strong><em>nostrus,</em></strong></span> <span class='ocrx_word' id='word_1_116' title='bbox 1695 2281 1820 2376; x_wconf 85' lang='lat' dir='ltr'><strong><em>oportet</em></strong></span> <span class='ocrx_word' id='word_1_117' title='bbox 1844 2283 1880 2346; x_wconf 86' lang='lat' dir='ltr'><strong><em>ut</em></strong></span> <span class='ocrx_word' id='word_1_118' title='bbox 1903 2301 1959 2347; x_wconf 82' lang='lat' dir='ltr'><strong><em>re-</em></strong></span> 
     </span>
     <span class='ocr_line' id='line_1_13' title="bbox 360 2425 1954 2530; baseline 0.002 -27"><span class='ocrx_word' id='word_1_119' title='bbox 360 2430 490 2504; x_wconf 73' lang='lat' dir='ltr'><strong><em>nuncies</em></strong></span> <span class='ocrx_word' id='word_1_120' title='bbox 523 2430 583 2503; x_wconf 85' lang='lat' dir='ltr'><strong><em>toti</em></strong></span> <span class='ocrx_word' id='word_1_121' title='bbox 604 2429 711 2528; x_wconf 74' lang='lat' dir='ltr'><strong><em>fidei,</em></strong></span> <span class='ocrx_word' id='word_1_122' title='bbox 747 2455 846 2530; x_wconf 81' lang='lat' dir='ltr'><strong><em>quam</em></strong></span> <span class='ocrx_word' id='word_1_123' title='bbox 880 2438 962 2503; x_wconf 84' lang='lat' dir='ltr'><strong><em>tenet</em></strong></span> <span class='ocrx_word' id='word_1_124' title='bbox 993 2429 1152 2503; x_wconf 84' lang='lat' dir='ltr'><strong><em>Romana</em></strong></span> <span class='ocrx_word' id='word_1_125' title='bbox 1189 2427 1350 2519; x_wconf 70' lang='lat' dir='ltr'><strong><em>Ecclesia.</em></strong></span> <span class='ocrx_word' id='word_1_126' title='bbox 1406 2425 1613 2527; x_wconf 74' lang='lat' dir='ltr'><strong><em>Respondet:</em></strong></span> <span class='ocrx_word' id='word_1_127' title='bbox 1644 2425 1848 2500; x_wconf 82' lang='lat' dir='ltr'><strong><em>Abreuurtio</em></strong></span> <span class='ocrx_word' id='word_1_128' title='bbox 1884 2430 1954 2528; x_wconf 74' lang='grc'><strong><em>(5)</em></strong></span> 
     </span>
    </p>
   </div>
   <div class='ocr_carea' id='block_1_4' title="bbox 361 2580 1955 2684">
    <p class='ocr_par' dir='ltr' id='par_1_4' title="bbox 361 2580 1955 2684">
     <span class='ocr_line' id='line_1_14' title="bbox 361 2580 1955 2684; baseline -0.004 -22"><span class='ocrx_word' id='word_1_129' title='bbox 361 2584 462 2662; x_wconf 88' lang='lat' dir='ltr'><strong>Unde</strong></span> <span class='ocrx_word' id='word_1_130' title='bbox 487 2597 559 2660; x_wconf 83' lang='lat' dir='ltr'><strong><em>tem</em></strong></span> <span class='ocrx_word' id='word_1_131' title='bbox 587 2584 759 2659; x_wconf 85' lang='lat' dir='ltr'><strong><em>evidenter</em></strong></span> <span class='ocrx_word' id='word_1_132' title='bbox 784 2585 998 2684; x_wconf 86' lang='lat' dir='ltr'><strong><em>probantur,</em></strong></span> <span class='ocrx_word' id='word_1_133' title='bbox 1028 2611 1115 2683; x_wconf 87' lang='lat' dir='ltr'><strong><em>quae</em></strong></span> <span class='ocrx_word' id='word_1_134' title='bbox 1140 2583 1250 2656; x_wconf 88' lang='lat' dir='ltr'><strong><em>adhuc</em></strong></span> <span class='ocrx_word' id='word_1_135' title='bbox 1277 2582 1319 2654; x_wconf 88' lang='lat' dir='ltr'><strong><em>de</em></strong></span> <span class='ocrx_word' id='word_1_136' title='bbox 1347 2604 1512 2654; x_wconf 91' lang='lat' dir='ltr'><strong><em>consensu</em></strong></span> <span class='ocrx_word' id='word_1_137' title='bbox 1538 2606 1658 2654; x_wconf 90' lang='lat' dir='ltr'><strong><em>eorum</em></strong></span> <span class='ocrx_word' id='word_1_138' title='bbox 1687 2580 1955 2680; x_wconf 80' lang='lat' dir='ltr'><strong><em>disputavimus,</em></strong></span> 
     </span>
    </p>
   </div>
   <div class='ocr_carea' id='block_1_5' title="bbox 224 2739 1179 2841">
    <p class='ocr_par' dir='ltr' id='par_1_5' title="bbox 224 2739 1179 2841">
     <span class='ocr_line' id='line_1_15' title="bbox 224 2739 1179 2841; baseline -0.001 -26"><span class='ocrx_word' id='word_1_139' title='bbox 224 2756 229 2768; x_wconf 84' lang='lat'>&#39;</span> <span class='ocrx_word' id='word_1_140' title='bbox 359 2755 397 2815; x_wconf 90' lang='lat' dir='ltr'><strong><em>ut</em></strong></span> <span class='ocrx_word' id='word_1_141' title='bbox 416 2741 516 2841; x_wconf 88' lang='lat' dir='ltr'><strong><em>plura</em></strong></span> <span class='ocrx_word' id='word_1_142' title='bbox 542 2742 580 2813; x_wconf 91' lang='lat' dir='ltr'><strong><em>in</em></strong></span> <span class='ocrx_word' id='word_1_143' title='bbox 604 2741 754 2814; x_wconf 87' lang='lat' dir='ltr'><strong><em>medium</em></strong></span> <span class='ocrx_word' id='word_1_144' title='bbox 777 2740 895 2813; x_wconf 81' lang='lat' dir='ltr'><strong><em>afferre</em></strong></span> <span class='ocrx_word' id='word_1_145' title='bbox 918 2764 989 2813; x_wconf 94' lang='lat' dir='ltr'><strong><em>non</em></strong></span> <span class='ocrx_word' id='word_1_146' title='bbox 1014 2764 1101 2841; x_wconf 91' lang='lat' dir='ltr'><strong><em>opus</em></strong></span> <span class='ocrx_word' id='word_1_147' title='bbox 1125 2739 1179 2814; x_wconf 91' lang='lat' dir='ltr'><strong><em>sit.</em></strong></span> 
     </span>
    </p>
   </div>
   <div class='ocr_carea' id='block_1_6' title="bbox 355 2891 2067 3611">
    <p class='ocr_par' dir='ltr' id='par_1_6' title="bbox 355 2891 2067 3611">
     <span class='ocr_line' id='line_1_16' title="bbox 403 2891 1954 2992; baseline -0.004 -22"><span class='ocrx_word' id='word_1_148' title='bbox 403 2897 573 2970; x_wconf 83' lang='lat' dir='ltr'><strong><em>Ecclesiae</em></strong></span> <span class='ocrx_word' id='word_1_149' title='bbox 607 2897 782 2968; x_wconf 87' lang='lat' dir='ltr'><strong><em>Romanae</em></strong></span> <span class='ocrx_word' id='word_1_150' title='bbox 817 2893 987 2967; x_wconf 86' lang='lat' dir='ltr'><strong><em>doctrinas</em></strong></span> <span class='ocrx_word' id='word_1_151' title='bbox 1018 2921 1038 2965; x_wconf 91' lang='lat' dir='ltr'><strong><em>a</em></strong></span> <span class='ocrx_word' id='word_1_152' title='bbox 1078 2891 1291 2967; x_wconf 68' lang='lat' dir='ltr'><strong><em>Vaamrous</em></strong></span> <span class='ocrx_word' id='word_1_153' title='bbox 1327 2905 1542 2992; x_wconf 84' lang='lat' dir='ltr'><strong><em>oppugnatus</em></strong></span> <span class='ocrx_word' id='word_1_154' title='bbox 1571 2918 1663 2984; x_wconf 91' lang='lat' dir='ltr'><strong><em>esse,</em></strong></span> <span class='ocrx_word' id='word_1_155' title='bbox 1697 2891 1818 2965; x_wconf 80' lang='lat' dir='ltr'><strong>docent</strong></span> <span class='ocrx_word' id='word_1_156' title='bbox 1851 2892 1954 2965; x_wconf 88' lang='lat' dir='ltr'><strong><em>etiarn</em></strong></span> 
     </span>
     <span class='ocr_line' id='line_1_17' title="bbox 358 3004 1956 3150; baseline -0.002 -25"><span class='ocrx_word' id='word_1_157' title='bbox 358 3004 484 3150; x_wconf 87' lang='lat' dir='ltr'><strong><em>scripta</em></strong></span> <span class='ocrx_word' id='word_1_158' title='bbox 510 3074 652 3141; x_wconf 87' lang='lat' dir='ltr'><strong><em>eorum,</em></strong></span> <span class='ocrx_word' id='word_1_159' title='bbox 677 3049 770 3145; x_wconf 87' lang='lat' dir='ltr'><strong><em>&#39;quae</em></strong></span> <span class='ocrx_word' id='word_1_160' title='bbox 799 3026 1165 3147; x_wconf 62' lang='lat' dir='ltr'><strong><em>rememoravimus.</em></strong></span> <span class='ocrx_word' id='word_1_161' title='bbox 1223 3048 1427 3121; x_wconf 83' lang='lat' dir='ltr'><strong><em>Praesertim</em></strong></span> <span class='ocrx_word' id='word_1_162' title='bbox 1454 3049 1490 3120; x_wconf 91' lang='lat' dir='ltr'><strong><em>in</em></strong></span> <span class='ocrx_word' id='word_1_163' title='bbox 1520 3060 1631 3121; x_wconf 90' lang='lat' dir='ltr'><strong><em>mente</em></strong></span> <span class='ocrx_word' id='word_1_164' title='bbox 1658 3046 1823 3122; x_wconf 85' lang='lat' dir='ltr'><strong><em>habemus</em></strong></span> <span class='ocrx_word' id='word_1_165' title='bbox 1852 3047 1956 3122; x_wconf 80' lang='lat' dir='ltr'><strong><em>Cote-</em></strong></span> 
     </span>
     <span class='ocr_line' id='line_1_18' title="bbox 357 3201 1954 3304; baseline -0.004 -23"><span class='ocrx_word' id='word_1_166' title='bbox 357 3208 531 3297; x_wconf 80' lang='lat' dir='ltr'><strong><em>aiu&#39;smum,</em></strong></span> <span class='ocrx_word' id='word_1_167' title='bbox 556 3230 625 3304; x_wconf 89' lang='lat' dir='ltr'><strong><em>quo</em></strong></span> <span class='ocrx_word' id='word_1_168' title='bbox 644 3204 796 3278; x_wconf 92' lang='lat' dir='ltr'><strong><em>doctrina</em></strong></span> <span class='ocrx_word' id='word_1_169' title='bbox 815 3229 934 3279; x_wconf 89' lang='lat' dir='ltr'><strong><em>eorum</em></strong></span> <span class='ocrx_word' id='word_1_170' title='bbox 958 3203 1150 3278; x_wconf 87' lang='lat' dir='ltr'><strong><em>continetur</em></strong></span> <span class='ocrx_word' id='word_1_171' title='bbox 1169 3203 1250 3303; x_wconf 87' lang='lat'>(6),</span> <span class='ocrx_word' id='word_1_172' title='bbox 1273 3210 1447 3275; x_wconf 69' lang='lat' dir='ltr'><strong><em>tractatm</em></strong></span> <span class='ocrx_word' id='word_1_173' title='bbox 1470 3201 1511 3274; x_wconf 80' lang='lat' dir='ltr'><strong><em>de</em></strong></span> <span class='ocrx_word' id='word_1_174' title='bbox 1538 3201 1756 3275; x_wconf 66' lang='lat' dir='ltr'><strong><em>&amp;acuentes</em></strong></span> <span class='ocrx_word' id='word_1_175' title='bbox 1776 3203 1855 3302; x_wconf 85' lang='grc'><strong>(7),</strong></span> <span class='ocrx_word' id='word_1_176' title='bbox 1879 3202 1954 3275; x_wconf 88' lang='lat' dir='ltr'><strong><em>dis-</em></strong></span> 
     </span>
     <span class='ocr_line' id='line_1_19' title="bbox 355 3356 2067 3462; baseline -0.003 -28"><span class='ocrx_word' id='word_1_177' title='bbox 355 3363 546 3462; x_wconf 87' lang='lat' dir='ltr'><strong><em>putationes</em></strong></span> <span class='ocrx_word' id='word_1_178' title='bbox 582 3358 624 3431; x_wconf 88' lang='lat' dir='ltr'><strong><em>de</em></strong></span> <span class='ocrx_word' id='word_1_179' title='bbox 657 3358 880 3448; x_wconf 55' lang='lat' dir='ltr'><strong><em>Arrtichrrstm</em></strong></span> <span class='ocrx_word' id='word_1_180' title='bbox 918 3358 977 3448; x_wconf 49' lang='lat' dir='ltr'><strong><em>de,</em></strong></span> <span class='ocrx_word' id='word_1_181' title='bbox 992 3358 1220 3458; x_wconf 83' lang='lat' dir='ltr'><strong><em>Purgatorio,</em></strong></span> <span class='ocrx_word' id='word_1_182' title='bbox 1253 3357 1295 3432; x_wconf 93' lang='lat' dir='ltr'><strong><em>de</em></strong></span> <span class='ocrx_word' id='word_1_183' title='bbox 1332 3357 1530 3445; x_wconf 74' lang='lat' dir='ltr'><strong><em>invocatione</em></strong></span> <span class='ocrx_word' id='word_1_184' title='bbox 1563 3364 1748 3430; x_wconf 77' lang='lat' dir='ltr'><strong><em>sanctonum</em></strong></span> <span class='ocrx_word' id='word_1_185' title='bbox 1780 3369 1843 3431; x_wconf 88' lang='lat' dir='ltr'><strong><em>etc.</em></strong></span> <span class='ocrx_word' id='word_1_186' title='bbox 1880 3356 1951 3456; x_wconf 91' lang='lat'><strong><em>(8)</em></strong></span> <span class='ocrx_word' id='word_1_187' title='bbox 2065 3399 2067 3402; x_wconf 56' lang='lat'>&gt;</span> 
     </span>
     <span class='ocr_line' id='line_1_20' title="bbox 358 3509 1952 3611; baseline -0.008 -20"><span class='ocrx_word' id='word_1_188' title='bbox 358 3516 525 3610; x_wconf 84' lang='lat' dir='ltr'><strong><em>Quamvis</em></strong></span> <span class='ocrx_word' id='word_1_189' title='bbox 557 3517 649 3589; x_wconf 91' lang='lat' dir='ltr'><strong><em>enim</em></strong></span> <span class='ocrx_word' id='word_1_190' title='bbox 676 3514 759 3588; x_wconf 87' lang='lat' dir='ltr'><strong><em>haec</em></strong></span> <span class='ocrx_word' id='word_1_191' title='bbox 785 3526 1005 3588; x_wconf 87' lang='lat' dir='ltr'><strong><em>monumenta</em></strong></span> <span class='ocrx_word' id='word_1_192' title='bbox 1035 3511 1229 3587; x_wconf 85' lang='lat' dir='ltr'><strong><em>recentioris</em></strong></span> <span class='ocrx_word' id='word_1_193' title='bbox 1257 3513 1373 3585; x_wconf 89' lang='lat' dir='ltr'><strong><em>aetatis</em></strong></span> <span class='ocrx_word' id='word_1_194' title='bbox 1400 3525 1498 3603; x_wconf 88' lang='lat' dir='ltr'><strong><em>sunt,</em></strong></span> <span class='ocrx_word' id='word_1_195' title='bbox 1534 3537 1639 3611; x_wconf 89' lang='lat' dir='ltr'><strong><em>quam</em></strong></span> <span class='ocrx_word' id='word_1_196' title='bbox 1669 3534 1845 3586; x_wconf 76' lang='lat' dir='ltr'><strong><em>necessus</em></strong></span> <span class='ocrx_word' id='word_1_197' title='bbox 1874 3509 1952 3580; x_wconf 83' lang='lat' dir='ltr'><strong><em>olii-</em></strong></span> 
     </span>
    </p>
   </div>
   <div class='ocr_carea' id='block_1_7' title="bbox 359 3660 1953 3771">
    <p class='ocr_par' dir='ltr' id='par_1_7' title="bbox 359 3660 1953 3771">
     <span class='ocr_line' id='line_1_21' title="bbox 359 3660 1953 3771; baseline -0.006 -28"><span class='ocrx_word' id='word_1_198' title='bbox 359 3697 425 3771; x_wconf 89' lang='lat' dir='ltr'><strong><em>que</em></strong></span> <span class='ocrx_word' id='word_1_199' title='bbox 455 3671 757 3769; x_wconf 82' lang='lat' dir='ltr'><strong><em>opinantur3ean1</em></strong></span> <span class='ocrx_word' id='word_1_200' title='bbox 781 3683 892 3744; x_wconf 85' lang='lat' dir='ltr'><strong><em>tamen</em></strong></span> <span class='ocrx_word' id='word_1_201' title='bbox 916 3669 1150 3770; x_wconf 84' lang='lat' dir='ltr'><strong><em>antiquitatem</em></strong></span> <span class='ocrx_word' id='word_1_202' title='bbox 1177 3669 1369 3769; x_wconf 83' lang='lat' dir='ltr'><strong><em>attingunt,</em></strong></span> <span class='ocrx_word' id='word_1_203' title='bbox 1394 3665 1549 3743; x_wconf 88' lang='lat' dir='ltr'><strong><em>utnulla</em></strong></span> <span class='ocrx_word' id='word_1_204' title='bbox 1576 3664 1768 3739; x_wconf 78' lang='lat' dir='ltr'><strong><em>laboremus</em></strong></span> <span class='ocrx_word' id='word_1_205' title='bbox 1792 3660 1953 3759; x_wconf 87' lang='lat' dir='ltr'><strong><em>scrupulo</em></strong></span> 
     </span>
    </p>
   </div>
   <div class='ocr_carea' id='block_1_8' title="bbox 386 4003 1213 4706">
    <p class='ocr_par' dir='ltr' id='par_1_8' title="bbox 386 4003 644 4072">
     <span class='ocr_line' id='line_1_22' title="bbox 386 4003 644 4072; baseline -0.008 0"><span class='ocrx_word' id='word_1_206' title='bbox 386 4005 427 4072; x_wconf 81' lang='grc' dir='ltr'><strong><em>(ι)</em></strong></span> <span class='ocrx_word' id='word_1_207' title='bbox 444 4004 476 4055; x_wconf 72' lang='grc' dir='ltr'><strong><em>ι.</em></strong></span> <span class='ocrx_word' id='word_1_208' title='bbox 497 4020 519 4054; x_wconf 76' lang='lat'><strong><em>0-</em></strong></span> <span class='ocrx_word' id='word_1_209' title='bbox 539 4020 565 4070; x_wconf 77' lang='lat'><strong><em>1&gt;-</em></strong></span> <span class='ocrx_word' id='word_1_210' title='bbox 585 4003 644 4061; x_wconf 71' lang='lat' dir='ltr'><strong><em>oe</em></strong></span> 
     </span>
    </p>

    <p class='ocr_par' dir='ltr' id='par_1_9' title="bbox 386 4093 600 4163">
     <span class='ocr_line' id='line_1_23' title="bbox 386 4093 600 4163; baseline -0.005 -17"><span class='ocrx_word' id='word_1_211' title='bbox 386 4095 426 4163; x_wconf 78' lang='lat'><strong><em>(2)</em></strong></span> <span class='ocrx_word' id='word_1_212' title='bbox 445 4095 475 4146; x_wconf 77' lang='lat' dir='ltr'><strong><em>L.</em></strong></span> <span class='ocrx_word' id='word_1_213' title='bbox 496 4110 520 4145; x_wconf 86' lang='lat' dir='ltr'><strong><em>a.</em></strong></span> <span class='ocrx_word' id='word_1_214' title='bbox 537 4093 600 4145; x_wconf 78' lang='lat'><strong>268.</strong></span> 
     </span>
    </p>

    <p class='ocr_par' dir='ltr' id='par_1_10' title="bbox 387 4184 550 4253">
     <span class='ocr_line' id='line_1_24' title="bbox 387 4184 550 4253; baseline -0.006 -17"><span class='ocrx_word' id='word_1_215' title='bbox 387 4187 427 4253; x_wconf 80' lang='grc'><strong><em>(3)</em></strong></span> <span class='ocrx_word' id='word_1_216' title='bbox 444 4203 471 4253; x_wconf 86' lang='lat' dir='ltr'><strong><em>p.</em></strong></span> <span class='ocrx_word' id='word_1_217' title='bbox 489 4184 550 4235; x_wconf 70' lang='lat'><strong>269.</strong></span> 
     </span>
    </p>

    <p class='ocr_par' dir='ltr' id='par_1_11' title="bbox 388 4254 1213 4434">
     <span class='ocr_line' id='line_1_25' title="bbox 388 4254 1213 4342; baseline -0.002 -16"><span class='ocrx_word' id='word_1_218' title='bbox 388 4275 428 4342; x_wconf 77' lang='lat' dir='ltr'><strong><em>(t)</em></strong></span> <span class='ocrx_word' id='word_1_219' title='bbox 446 4277 493 4326; x_wconf 78' lang='lat' dir='ltr'><strong><em>eff.</em></strong></span> <span class='ocrx_word' id='word_1_220' title='bbox 512 4288 624 4325; x_wconf 78' lang='lat' dir='ltr'><strong><em>umor:</em></strong></span> <span class='ocrx_word' id='word_1_221' title='bbox 642 4272 662 4325; x_wconf 77' lang='lat' dir='ltr'><strong><em>i.</em></strong></span> <span class='ocrx_word' id='word_1_222' title='bbox 682 4288 705 4324; x_wconf 83' lang='lat' dir='ltr'><strong><em>e.</em></strong></span> <span class='ocrx_word' id='word_1_223' title='bbox 724 4289 751 4339; x_wconf 81' lang='lat' dir='ltr'><strong><em>p.</em></strong></span> <span class='ocrx_word' id='word_1_224' title='bbox 772 4254 868 4325; x_wconf 56' lang='lat' dir='ltr'><strong>17⁸0ss</strong></span> <span class='ocrx_word' id='word_1_225' title='bbox 885 4274 1009 4328; x_wconf 67' lang='lat' dir='ltr'><strong><em>mmo·</em></strong></span> <span class='ocrx_word' id='word_1_226' title='bbox 1027 4273 1046 4326; x_wconf 82' lang='lat' dir='ltr'><strong><em>t.</em></strong></span> <span class='ocrx_word' id='word_1_227' title='bbox 1066 4289 1088 4325; x_wconf 82' lang='lat' dir='ltr'><strong><em>c.</em></strong></span> <span class='ocrx_word' id='word_1_228' title='bbox 1107 4289 1134 4342; x_wconf 88' lang='lat' dir='ltr'><strong><em>p.</em></strong></span> <span class='ocrx_word' id='word_1_229' title='bbox 1152 4272 1213 4324; x_wconf 66' lang='lat'><strong><em>²86.</em></strong></span> 
     </span>
     <span class='ocr_line' id='line_1_26' title="bbox 390 4362 650 4434; baseline -0.004 -18"><span class='ocrx_word' id='word_1_230' title='bbox 390 4367 430 4434; x_wconf 78' lang='lat' dir='ltr'><strong><em>(a)</em></strong></span> <span class='ocrx_word' id='word_1_231' title='bbox 449 4367 479 4417; x_wconf 75' lang='lat' dir='ltr'><strong><em>L.</em></strong></span> <span class='ocrx_word' id='word_1_232' title='bbox 501 4382 523 4416; x_wconf 87' lang='lat' dir='ltr'><strong><em>c.</em></strong></span> <span class='ocrx_word' id='word_1_233' title='bbox 543 4381 569 4431; x_wconf 88' lang='lat' dir='ltr'><strong><em>p.</em></strong></span> <span class='ocrx_word' id='word_1_234' title='bbox 589 4362 650 4415; x_wconf 72' lang='lat'><strong><em>557.</em></strong></span> 
     </span>
    </p>

    <p class='ocr_par' dir='ltr' id='par_1_12' title="bbox 387 4453 821 4525">
     <span class='ocr_line' id='line_1_27' title="bbox 387 4453 821 4525; baseline 0 -18"><span class='ocrx_word' id='word_1_235' title='bbox 387 4457 427 4525; x_wconf 82' lang='grc'><strong><em>(6)</em></strong></span> <span class='ocrx_word' id='word_1_236' title='bbox 444 4455 508 4507; x_wconf 74' lang='lat' dir='ltr'><strong><em>vids</em></strong></span> <span class='ocrx_word' id='word_1_237' title='bbox 524 4469 634 4505; x_wconf 69' lang='lat' dir='ltr'><strong><em>enarro!</em></strong></span> <span class='ocrx_word' id='word_1_238' title='bbox 651 4453 670 4504; x_wconf 80' lang='lat' dir='ltr'><strong><em>t.</em></strong></span> <span class='ocrx_word' id='word_1_239' title='bbox 691 4469 713 4504; x_wconf 89' lang='lat' dir='ltr'><strong><em>e.</em></strong></span> <span class='ocrx_word' id='word_1_240' title='bbox 732 4471 759 4521; x_wconf 87' lang='lat' dir='ltr'><strong><em>p.</em></strong></span> <span class='ocrx_word' id='word_1_241' title='bbox 777 4454 821 4507; x_wconf 72' lang='lat'><strong><em>58.</em></strong></span> 
     </span>
    </p>

    <p class='ocr_par' dir='ltr' id='par_1_13' title="bbox 387 4543 619 4613">
     <span class='ocr_line' id='line_1_28' title="bbox 387 4543 619 4613; baseline 0 -18"><span class='ocrx_word' id='word_1_242' title='bbox 387 4546 427 4613; x_wconf 88' lang='grc'><strong><em>(7)</em></strong></span> <span class='ocrx_word' id='word_1_243' title='bbox 445 4544 511 4596; x_wconf 79' lang='lat' dir='ltr'><strong><em>thid.</em></strong></span> <span class='ocrx_word' id='word_1_244' title='bbox 530 4561 556 4610; x_wconf 87' lang='lat' dir='ltr'><strong><em>p.</em></strong></span> <span class='ocrx_word' id='word_1_245' title='bbox 573 4543 619 4595; x_wconf 74' lang='grc'><strong><em>64.</em></strong></span> 
     </span>
    </p>

    <p class='ocr_par' dir='ltr' id='par_1_14' title="bbox 388 4631 760 4706">
     <span class='ocr_line' id='line_1_29' title="bbox 388 4631 760 4706; baseline -0.011 -18"><span class='ocrx_word' id='word_1_246' title='bbox 388 4637 429 4706; x_wconf 84' lang='grc'><strong><em>(8)</em></strong></span> <span class='ocrx_word' id='word_1_247' title='bbox 446 4636 511 4688; x_wconf 77' lang='lat' dir='ltr'><strong><em>luta.</em></strong></span> <span class='ocrx_word' id='word_1_248' title='bbox 531 4651 557 4702; x_wconf 84' lang='lat' dir='ltr'><strong><em>p.</em></strong></span> <span class='ocrx_word' id='word_1_249' title='bbox 576 4631 626 4695; x_wconf 87' lang='lat'><strong><em>71,</em></strong></span> <span class='ocrx_word' id='word_1_250' title='bbox 646 4632 697 4695; x_wconf 79' lang='lat'><strong><em>83.</em></strong></span> <span class='ocrx_word' id='word_1_251' title='bbox 716 4631 760 4684; x_wconf 82' lang='lat'><strong><em>87.</em></strong></span> 
     </span>
    </p>
   </div>
   <div class='ocr_carea' id='block_1_9' title="bbox 0 0 2326 6224">
    <p class='ocr_par' dir='ltr' id='par_1_15' title="bbox 0 0 2326 6224">
     <span class='ocr_line' id='line_1_30' title="bbox 0 0 2326 6224; baseline 0 2"><span class='ocrx_word' id='word_1_252' title='bbox 0 0 2326 6224; x_wconf 95' lang='lat' dir='ltr'><strong><em> </em></strong></span> 
     </span>
    </p>
   </div>
  </div>
 </body>
</html>
