4568 6218
1117 466 1168 548 61

338 780 428 842 sunt
448 765 552 845 verba
579 781 888 840 rrnroanoarrn
914 756 996 857 (l):
1032 754 1119 832 Cum
1144 763 1254 830 autem
1285 754 1344 830 dia
1366 757 1401 828 iu
1417 766 1614 861 paupertate
1640 764 1814 856 stabunt,
1848 765 1938 840 iuce-

337 930 455 1024 peruut
483 920 649 1021 cogitare,
680 915 773 1019 quod
803 913 899 988 mars
930 910 1087 1015 Apostoli
1114 934 1276 990 cautem
1307 937 1375 986 uon
1401 913 1508 989 solum
1534 925 1629 990 eraru
1650 943 1838 1019 pauperes,
1872 922 1938 995 imo

338 1079 435 1153 amm
459 1074 724 1181 praedicatores,
757 1075 930 1170 coepcmat
960 1074 991 1141 ct
1024 1065 1091 1169 ipsi
1117 1065 1313 1171 praedicare
1339 1065 1470 1143 uerbum
1500 1067 1580 1146 Dei.
1631 1070 1734 1163 Quod
1760 1082 1940 1175 postquam

337 1233 385 1307 ad
409 1231 516 1307 sedem
542 1226 769 1333 Apostolicaut
790 1222 1003 1328 pemeaissct,
1036 1220 1172 1295 umnam
1198 1221 1366 1297 Doruimrs
1390 1222 1617 1325 Apostolicus,
1647 1224 1739 1326 quod
1758 1235 1937 1318 cessarent,

337 1414 411 1461 cum
427 1382 633 1492 praedicatio
658 1379 749 1456 uerbi
768 1377 843 1454 Dei
865 1376 1002 1452 rudibus
1025 1385 1056 1451 et
1079 1376 1237 1487 ultuma
1261 1403 1328 1453 uon
1354 1379 1541 1454 conueniat:
1574 1379 1641 1485 ipsi
1663 1381 1835 1456 uolucmrt
1861 1380 1940 1457 obe-

337 1539 428 1631 dire,
461 1535 560 1639 quasi
590 1537 652 1612 ltoc
682 1534 842 1610 Romana
874 1532 981 1610 Curia
1014 1557 1058 1606 ea
1077 1531 1199 1606 uvida
1222 1532 1415 1637 prohiberet.
1467 1532 1545 1624 Quo
1569 1543 1752 1636 commoto,
1786 1534 1938 1610 Ecclesia

337 1690 628 1769 excommunicaret
655 1715 734 1779 eos,·
769 1696 800 1762 et
828 1688 893 1790 ipsi
920 1686 1099 1762 resistentes
1126 1688 1356 1762 cotumaciter
1380 1688 1422 1762 ab
1448 1687 1601 1762 Eeclesea
1627 1689 1830 1764 condemnati
1854 1700 1938 1767 suut.

337 1848 390 1922 Et
412 1847 493 1948 quea
506 1846 583 1946 jam
608 1845 644 1918 iu
666 1845 783 1949 palam
800 1843 996 1946 praedicare
1021 1867 1088 1916 nou
1109 1841 1379 1942 praesumebam,
1413 1842 1534 1915 occrclte
1560 1828 1671 1916 salon
1692 1843 1934 1944 praeducalaut.

343 2001 439 2077 Unde
463 2000 498 2073 iu
524 1999 635 2075 adum
657 1997 862 2074 Quorum
886 2002 917 2068 et
946 1992 1030 2067 Veri
1056 1993 1256 2086 Sacerdotii,
1281 2017 1326 2066 ca
1345 1994 1488 2094 antiquis
1509 1996 1675 2070 errortlrus
1702 1995 1941 2075 Veteranorum

340 2154 611 2243 Haedum,
634 2159 665 2225 et
688 2148 908 2252 superadditis
930 2147 1022 2222 uaeas
1048 2155 1080 2221 a
1104 2145 1269 2222 damuoas
1290 2145 1453 2239 articulis,
1476 2147 1661 2251 inceperunt
1668 2203 1680 2244 ,
1701 2151 1777 2226 soles
1799 2155 1941 2254 exceptas

342 2306 583 2400 Sacrameutis,
612 2303 721 2380 omusa
749 2304 914 2378 destruere
938 2310 969 2376 et
991 2301 1226 2396 condemnare,
1253 2326 1315 2403 per
1341 2329 1427 2406 quae
1455 2303 1591 2396 Closs,
1625 2306 1710 2381 velut
1729 2308 1793 2412 pia
1815 2316 1940 2402 mater,

332 2463 425 2559 filios
459 2465 662 2559 congregat,
700 2457 782 2530 suut
817 2456 951 2530 Gallina
986 2463 1167 2556 congregat
1198 2455 1310 2559 pullos
1344 2481 1422 2530 suas
1455 2456 1515 2530 sub
1547 2458 1618 2533 alis.
1679 2460 1770 2534 Fieri
1804 2488 1941 2563 quoqne

341 2614 473 2714 potuit,
505 2597 546 2686 ut
571 2610 628 2683 alii
654 2608 824 2684 Ecclesiae
852 2608 1094 2700 valedicerent,
1128 2608 1213 2681 dum
1235 2607 1294 2681 alii
1320 2598 1365 2681 in¹
1385 2609 1458 2708 ejus
1482 2609 1722 2683 communione
1743 2629 1941 2706 manerent,

342 2794 400 2843 seu
424 2765 617 2840 doctrinam
649 2765 722 2862 ejus
749 2762 904 2836 nondum
937 2763 1080 2836 omuino
1106 2760 1341 2862 repudiantes,
1374 2787 1433 2834 seu
1459 2762 1601 2860 periculi
1636 2765 1815 2841 amovendi
1844 2791 1944 2840 causa

342 2921 444 2996 fidem
471 2918 666 2998 simulantes
690 2914 763 3018 (2).
813 2919 910 3009 Quae
937 2941 995 2991 eos
1028 2942 1097 2991 una
1129 2942 1210 2990 cum
1247 2914 1477 3016 Albigeasibus
1509 2916 1554 3020 ad
1580 2917 1816 2992 Hierarchiam
1841 2945 1943 2998 ever-

298 3144 301 3149 .
343 3074 478 3150 tendam
498 3073 604 3174 egisse
628 3098 731 3174 supra
755 3072 1119 3164 commonstravimus,
1143 3038 1297 3172 tempora
1321 3085 1472 3174 spectant
1496 3075 1682 3147 recentiora
1706 3075 1810 3147 secali
1835 3078 1941 3153 XIII.

346 3231 395 3303 uti
422 3243 457 3303 et
485 3227 595 3303 secuda
616 3227 719 3317 ‚xlv
750 3238 785 3298 et
811 3227 894 3303 XV.
943 3226 1043 3301 Nunc
1075 3227 1156 3301 satis
1186 3227 1287 3301 nobis
1320 3227 1366 3300 sit
1396 3253 1438 3301 ex
1469 3225 1585 3302 studio
1609 3226 1735 3301 horum
1763 3228 1943 3306 hominum

347 3382 547 3473 ostendisse,
571 3406 629 3455 eos
649 3406 730 3454 cum
753 3378 984 3481 Albrgenstbus
1007 3381 1076 3455 illis
1102 3384 1300 3482 neutiquam
1324 3382 1579 3458 confundendas
1601 3409 1694 3478 esse,
1718 3386 1846 3487 quippe
1868 3392 1944 3489 qui,

345 3553 507 3640 utsupra
529 3540 600 3638 jam
619 3535 803 3638 probatum
829 3549 881 3610 est
902 3548 937 3610 et
956 3536 1094 3611 uberius
1111 3536 1315 3635 probabitur
1341 3537 1448 3629 infra,
1471 3537 1574 3638 longe
1600 3535 1659 3612 alii
1686 3539 1798 3614 studio
1822 3567 1857 3616 se
1881 3543 1943 3616 de*

344 3694 464 3772 derint.
514 3690 653 3787 Accedit
673 3689 853 3791 peculiaris
876 3691 1057 3792 appellatio
1079 3690 1293 3796 Pauperiore,
1318 3691 1494 3770 avivendi
1518 3717 1640 3792 genere
1663 3691 1832 3787 dasena,
1856 3722 1943 3796 quae

345 3849 530 3950 permansit
552 3849 590 3920 in
613 3872 698 3939 usu,
722 3857 904 3946 postquam
927 3869 1009 3946 pars
1035 3870 1157 3919 eornm
1181 3817 1219 3919 in
1241 3843 1376 3919 Italiam
1401 3845 1539 3923 aburat.
1587 3847 1695 3922 Alteri
1719 3850 1813 3922 enim
1835 3850 1940 3923 Pau-
2009 3876 2012 3884 ·

340 4029 437 4108 peres
464 4003 661 4077 dicebantur
686 4001 727 4076 de
753 4001 947 4103 Lugduuo,
981 4000 1078 4075 alteri
1106 3998 1280 4104 Pauperes
1308 4000 1505 4078 Lombardi.
1557 4002 1676 4077 Cetera
1701 4003 1840 4076 nomina
1871 4004 1940 4078 Sa-

345 4155 858 4252 batatmum,1nsalatatorum,
881 4155 1165 4253 Heraclammon,
1187 4157 1296 4238 vitan
1320 4155 1440 4231 itidem
1467 4167 1601 4231 aunem
1623 4156 1866 4257 significantia,
1889 4163 1940 4234 uti

372 4570 413 4638 (l)
431 4569 462 4621 b.
482 4585 506 4619 a.
525 4585 551 4633 p.
571 4565 631 4619 278.

372 4659 414 4729 (2)
430 4659 470 4712 Gt.
490 4673 632 4710 amorem.
652 4656 671 4711 l.
692 4672 714 4709 o.
731 4674 760 4726 p.
778 4658 848 4722 bbt,
866 4662 932 4717 att,
