4642 6224
998 540 1001 545 ·
1041 493 1068 577 7

250 793 336 870 rarii
368 791 519 893 generis,
557 788 618 889 qui
652 784 837 863 Ecclesiam
871 783 1073 876 turbarunt,
1105 792 1345 857 enumerantur
1369 793 1415 891 ¹et
1451 781 1661 879 retinentur,
1697 795 1731 858 et
1762 784 1854 860 houd

250 974 359 1049 panca
385 945 487 1019 uobis
517 942 639 1018 tradita
666 953 763 1034 suut,
803 966 891 1043 quae
913 941 1037 1042 placita
1068 965 1190 1015 eorum
1219 951 1255 1012 et
1280 937 1349 1011 fata
1377 949 1552 1037 spectant;
1588 937 1648 1014 sed
1676 935 1855 1017 historiam

249 1131 391 1196 eorum,
421 1126 507 1203 quae
529 1101 643 1175 omnia
670 1098 713 1173 ab
739 1098 839 1173 initio
865 1110 1029 1198 repeteret
1056 1109 1091 1171 et
1117 1096 1279 1171 continue
1306 1096 1390 1169 serie
1417 1093 1637 1197 procederet,
1663 1121 1763 1171 nemo
1792 1124 1856 1176 ve-

250 1275 362 1335 terum
390 1251 516 1360 scripto
542 1255 729 1334 mandarit.
779 1255 846 1331 Cui
869 1254 1008 1354 quidem
1037 1254 1134 1356 operi
1161 1253 1225 1326 nisi
1250 1250 1351 1326 fallor
1378 1251 1554 1346 homiues,
1588 1265 1758 1354 quotquot
1788 1254 1854 1328 sibi

251 1416 407 1490 meliores
434 1424 744 1512 rerumgestarum
772 1410 931 1504 notitias,
963 1436 1069 1511 quana
1095 1409 1220 1512 vulgus
1245 1409 1517 1502 Monacborum,
1555 1425 1854 1514 comparaverant,

250 1536 402 1647 manum¹
421 1568 603 1647 admovere
630 1568 835 1664 noluerunt3
871 1567 1034 1668 qnoniam
1062 1568 1246 1668 impietatis
1270 1567 1472 1642 memoriam
1500 1568 1614 1668 potius
1636 1568 1856 1670 exstinguen-

251 1728 331 1802 dam
356 1752 463 1829 quam
481 1723 748 1804 conservandam
771 1749 844 1799 esse
863 1723 1052 1800 censebant.
1102 1724 1260 1824 Plerique
1281 1750 1401 1800 eorum
1427 1744 1586 1827 quoqne,
1611 1727 1671 1826 qui
1695 1725 1739 1799 ad
1765 1726 1854 1801 scri-

250 1879 400 1955 bendum
439 1879 519 1954 satis
557 1881 711 1953 instructi
745 1891 779 1951 et
816 1877 930 1952 idonei
951 1891 1083 1970 crant,
1116 1879 1218 1954 rebus
1258 1880 1416 1961 civilibus
1449 1895 1485 1955 et
1512 1882 1642 1957 bellicis
1679 1895 1853 1984 tantopere

249 2040 415 2140 implicati
438 2039 594 2130 luerunt,
620 2050 658 2110 ut
682 2037 731 2111 iis
758 2049 794 2109 et
821 2035 934 2110 otium
958 2033 1088 2109 dedsset
1112 2047 1147 2109 et
1173 2035 1331 2114 voluntas
1365 2038 1431 2113 elia
1461 2038 1650 2138 posteritati
1677 2039 1853 2133 tradendi,

249 2222 354 2295 quam
380 2193 610 2295 expeditiones
640 2191 804 2267 militares
836 2191 881 2268 ad
908 2191 1106 2268 Haereticos
1137 2192 1372 2295 exstirpandos
1394 2209 1584 2296 nrsoeptas,
1621 2207 1681 2271 ant
1705 2195 1857 2270 Pontifi-

250 2378 329 2426 cum
352 2354 556 2449 Regumque
579 2350 731 2423 instituta
753 2362 788 2423 et
811 2348 942 2442 edicta,
964 2350 1090 2452 quibus
1115 2348 1321 2424 Hrirrorcluia
1347 2350 1565 2428 stabiliretur.
1615 2354 1663 2426 Et
1682 2376 1752 2452 quo
1775 2352 1857 2425 lon-

250 2508 327 2608 gius
354 2508 431 2608 quis
458 2532 478 2578 a
509 2505 622 2579 Gallae
647 2501 856 2618 Narbonensi
878 2519 913 2580 et
936 2506 1059 2583 vicinis
1088 2507 1192 2600 locis,
1226 2506 1317 2582 unde
1345 2522 1452 2584 sectae
1478 2508 1666 2587 Ecclesiam
1694 2509 1858 2586 infestan-

250 2678 301 2740 tes
325 2665 473 2741 maxima
494 2662 701 2763 prodibant,
733 2674 887 2738 remotus
912 2675 1005 2755 erat,
1038 2687 1079 2736 eo
1106 2618 1239 2736 miuore
1262 2689 1343 2739 cura
1364 2663 1567 2764 plerumque
1592 2665 1857 2765 persequebatur

251 2845 338 2920 quac
364 2819 408 2894 ad
435 2818 613 2893 historiam
643 2817 780 2892 illarum
811 2818 1033 2918 pertinebant.
1062 2818 1183 2894 .Hanc
1215 2818 1321 2917 igitur
1347 2818 1447 2918 pauci
1475 2830 1610 2893 tantum
1637 2817 1748 2892 obiter
1775 2820 1857 2894 atti-

250 2988 395 3076 gerunt,
428 2975 528 3048 ceteri
554 2998 695 3076 prorsus
722 2974 977 3073 praeterierunt.
1027 2972 1130 3068 Quod
1156 2973 1198 3047 de
1225 2971 1420 3066 Chronico,
1453 2998 1541 3073 qnae
1564 2973 1618 3047 bis
1643 2973 1855 3075 temporibus

249 3130 399 3205 conlecta
425 3141 527 3222 sunt,
559 3154 664 3229 aeque
689 3128 870 3204 dicendum
897 3143 948 3205 est
974 3155 1013 3205 ac
1039 3129 1082 3204 de
1107 3128 1226 3221 libris,
1253 3129 1290 3201 in
1317 3126 1444 3230 quibm
1471 3126 1560 3202 iacta
1583 3127 1788 3205 Clencomm
1810 3129 1854 3202 ad

250 3289 448 3376 Hoerdicos
478 3286 713 3388 profligandos
739 3286 817 3362 data
850 3311 953 3388 opera
987 3298 1176 3362 narrantur.
1227 3236 1537 3377 Quamvislantem
1563 3285 1606 3374 de
1641 3283 1856 3361 andcrrerbus

254 3443 374 3546 plura,
398 3442 524 3543 quibus
547 3444 696 3545 origines
720 3467 841 3516 eorum
865 3454 900 3516 et
924 3443 1102 3542 opiniones
1123 3441 1353 3532 illustrentur,
1376 3452 1493 3515 notntn
1518 3442 1726 3542 reperimus,
1750 3469 1857 3544 quarn

239 3600 292 3673 ⁴de
314 3599 487 3700 plerisque
512 3599 587 3673 aliis
612 3599 823 3688 Hoerclicr's5
856 3597 948 3673 lrnud
974 3625 1082 3699 pauca
1106 3611 1221 3673 tamen
1246 3597 1302 3675 rel
1329 3597 1410 3671 satis
1437 3599 1569 3691 terrun,
1597 3598 1653 3676 vel
1679 3599 1765 3674 locis
1792 3599 1856 3675 ad-

249 3782 364 3857 spersa
399 3771 497 3849 sunt,
531 3757 592 3831 nbi
625 3757 685 3833 vix
716 3783 756 3831 ea
790 3755 1005 3856 quaesiveris.
1057 3753 1233 3854 Quidquid
1263 3766 1378 3863 nutem
1411 3755 1477 3859 ipsi
1510 3754 1554 3828 ad
1588 3780 1724 3830 causam
1758 3781 1855 3831 suam

249 3897 483 4014 explicandam
509 3925 544 3988 et
568 3910 812 3989 defendendam
840 3910 1037 4011 scripserint
1063 3908 1275 4012 Albrgmsee,
1310 3901 1389 4014 quis
1414 3913 1560 3986 miratur
1585 3914 1793 3989 Pontificum
1819 3925 1854 3987 et

250 4068 499 4143 Monecbornm
527 4071 563 4147 vi
592 4096 657 4143 una
682 4095 761 4143 curn
788 4093 907 4142 eorum
935 4068 1072 4142 nornine
1099 4067 1294 4143 interiisse?
1343 4067 1477 4168 Scripta
1502 4067 1850 4162 vesontiensium,

251 4249 337 4323 quae
364 4225 477 4299 seculo
503 4227 580 4302 XIl
610 4226 825 4317 tribuuntur,
859 4237 930 4299 tarn
952 4237 1067 4326 aperta
1091 4222 1244 4323 produnt
1266 4223 1461 4298 recentioris
1484 4236 1601 4298 aetatis
1624 4223 1788 4326 vestigia,
1813 4239 1851 4300 ut

250 4381 430 4454 incorum
455 4405 521 4454 usu
548 4380 591 4454 ad
618 4366 796 4456 historiam
821 4380 998 4459 vetustatis
1023 4379 1251 4483 indagandam
1275 4405 1400 4481 magna
1421 4380 1535 4456 cantio
1558 4383 1750 4483 requiratur
1775 4387 1790 4483 (
1821 4384 1849 4480 ).

286 4715 326 4784 (1)
353 4716 401 4768 cd.
420 4730 579 4768 measure
599 4716 618 4771 l.
639 4717 659 4770 l.
676 4733 703 4784 p.
728 4717 790 4770 528.
827 4717 1194 4785 ernnnr11.1.p.ono‚
1219 4716 1279 4769 nat.
1315 4716 1364 4784 Qut
1387 4715 1452 4770 bueo
1478 4717 1572 4788 scripta
1597 4674 1770 4789 temporibus,
1798 4721 1857 4786 qni·
