4642 6224
1132 457 1212 545 108

371 765 520 865 potuisse
552 724 700 832 studiurn
737 766 795 828 aut
826 752 898 831 veri
924 750 1105 852 cogitando
1127 751 1336 842 inveniendi,
1369 765 1428 826 aut
1453 754 1496 830 ad
1521 730 1695 860 fastigium
1714 766 1787 863 ejus
1809 781 1964 847 contem.

371 919 519 1019 piatione
551 912 654 1011 hujus
695 908 921 987 universitatis
951 931 986 979 se
1014 905 1187 984 evehendi.
1236 909 1352 987 Immo
1380 908 1465 982 nihil
1495 911 1588 985 aliud
1609 914 1811 1011 voluerunt,
1836 948 1957 1020 quarn,

369 1082 481 1170 spreta
515 1067 610 1141 omni
642 1064 802 1164 sapientia
838 1061 1007 1152 humana,
1041 1060 1197 1162 religiose
1223 1060 1454 1138 adlueresoere
1478 1064 1662 1161 doctrinis,
1687 1097 1771 1170 quas
1792 1075 1858 1147 sibi
1879 1105 1963 1179 per·

371 1248 506 1297 suasum
536 1234 624 1299 erat,
640 1219 803 1298 divinitus
824 1216 906 1290 olim
933 1215 1115 1316 patefactas
1137 1242 1218 1293 esse.
1266 1218 1478 1320 Principium
1505 1221 1629 1322 igitur,
1653 1250 1722 1324 quo
1750 1227 1872 1326 placita
1899 1257 1985 1307 sua,

368 1377 597 1467 instruebant,
617 1373 815 1448 cernebatur
841 1370 878 1443 in
905 1369 972 1443 fide
996 1371 1119 1444 Litoris
1142 1370 1253 1445 Sacris
1279 1370 1405 1448 habita.
1448 1375 1640 1451 Literarum
1659 1378 1794 1454 illarum
1821 1382 1962 1460 lectione

368 1546 403 1607 et
432 1530 643 1610 veneratione
667 1527 794 1601 factum
818 1538 911 1616 erat,
942 1539 981 1622 ut
1008 1551 1157 1603 rennos
1181 1525 1414 1627 Lugdunensis
1439 1529 1503 1601 sibi
1533 1543 1676 1624 sectam,
1702 1560 1768 1633 qua
1794 1536 1961 1614 Chonna-

367 1686 486 1759 nismns
522 1683 769 1784 Apostolorum
803 1681 1063 1772 restitueretur,·
1087 1704 1293 1782 congregare
1326 1697 1540 1780 proponeret.
1599 1686 1790 1762 literarum
1822 1691 1958 1768 illarum

366 1840 513 1914 lectione-
536 1851 570 1912 et
604 1837 816 1918 veneratione
843 1834 1068 1909 incitabantur
1097 1846 1267 1937 quotquot
1287 1835 1362 1932 ejus
1387 1835 1528 1936 vestigia
1554 1838 1737 1936 premenda
1761 1867 1832 1916 esse
1854 1844 1958 1920 duee-

365 1996 465 2088 bant,
489 1993 654 2068 foeminae
681 2016 784 2089 aeque
807 2015 847 2063 ac
871 2014 1001 2082 mares,
1024 2001 1062 2061 ut
1088 1989 1265 2065 meliorem
1291 1988 1500 2081 doctrinam,
1527 2017 1629 2092 quarn
1654 1995 1759 2096 vulgo
1783 2023 1823 2071 ex
1847 2023 1960 2076 saoer.

365 2151 499 2233 dotum,
515 2162 549 2221 et
574 2144 820 2221 monachorum
846 2167 907 2217 ora
935 2143 1127 2236 audiretur,
1156 2143 1199 2216 ad
1234 2143 1329 2244 vulgi
1357 2145 1509 2219 notitiam
1537 2147 1734 2248 performat.
1786 2153 1889 2244 Quod
1917 2169 1956 2226 ut

366 2330 465 2405 aegre
487 2302 565 2376 tulit
591 2255 827 2377 susumus
852 2298 893 2372 de
905 2295 1004 2396 sonte
1025 2298 1131 2372 edulio
1151 2299 1211 2399 (1)
1222 2326 1235 2387 ;
1260 2299 1307 2372 ita
1334 2299 1425 2374 haud
1447 2300 1519 2374 sine
1541 2301 1712 2377 iracundia
1736 2307 1869 2406 scripsit
1891 2332 1958 2383 ns-

363 2480 580 2537 noonnnms
604 2459 682 2532 111:
712 2454 915 2557 Significavit
935 2455 1026 2529 nobis
1052 2480 1120 2530 ven.
1136 2452 1252 2553 frater
1274 2462 1382 2528 noster
1406 2455 1564 2530 Metensu
1585 2456 1775 2564 Episcoptn
1800 2486 1862 2562 per
1883 2461 1956 2537 lite·

362 2641 419 2690 rns
444 2640 521 2688 snus
533 2667 545 2707 ,
578 2612 670 2714 qnod
701 2619 768 2685 tam
790 2611 825 2684 in
850 2610 987 2686 dioecesi
1012 2638 1112 2714 quum
1143 2612 1222 2708 nrbe
1243 2610 1387 2686 Metensi
1413 2609 1573 2686 hionnam
1594 2619 1626 2685 et
1649 2611 1817 2688 mulam
1843 2617 1955 2688 multi-

362 2769 441 2847 tudo
469 2795 534 2845 non
554 2767 702 2861 modium
726 2775 832 2842 tracta
859 2768 1099 2870 quodammodo
1124 2767 1282 2841 desiderio
1302 2766 1559 2868 scriptarum,
1582 2765 1785 2869 Etungelir,
1809 2768 1954 2872 Episto-
2064 2827 2068 2835 .

361 2925 576 3016 tuoruum,
605 2923 830 3016 Psutterinm,
855 2922 1026 3015 Morutin,
1049 2948 1140 3015 roa,
1164 2931 1195 2997 et
1224 2921 1335 3027 plnres
1362 2921 1444 2996 ulios
1470 2920 1569 2996 libros
1591 2919 1654 2994 eti
1665 2918 1750 3019 fecit
1772 2922 1811 2994 in
1824 2923 1953 2999 Gallico

361 3103 505 3152 sennone
538 3077 729 3176 trmrn‘nni,
762 3079 967 3153 trumtutioni
993 3078 1181 3180 hujusmodi
1209 3077 1292 3151 odeo
1327 3075 1477 3169 tibenin,
1513 3076 1635 3150 attium
1668 3085 1775 3150 utitem
1808 3086 1839 3152 et
1866 3105 1953 3180 prn-

359 3230 489 3323 denter,
511 3232 693 3325 intendms,
717 3240 753 3307 at
780 3233 909 3308 tenetis
931 3233 1189 3311 conventionibus
1212 3233 1292 3308 tulin
1320 3233 1404 3307 inter
1423 3259 1458 3307 se
1482 3231 1559 3305 laici
1583 3239 1614 3305 et
1636 3231 1781 3304 nanas
1807 3239 1952 3305 emeture

354 3396 585 3491 praesumunt,
619 3397 649 3461 et
685 3387 749 3461 sni
776 3389 910 3463 invicem
939 3391 1213 3492 praedicare(2).
1263 3393 1342 3466 Huc
1370 3399 1498 3491 spectat
1527 3386 1759 3490 quaerimonia
1794 3386 1952 3462 Pseudo-

359 3565 546 3634 nuruum,
579 3543 631 3615 uti
662 3544 861 3617 eamnobis
890 3543 1029 3618 tradidit
1054 3545 1376 3649 nrocmnrns(3):
1428 3543 1542 3621 Tem’a
1568 3567 1668 3615 onaan
1694 3549 1740 3615 est
1767 3540 1894 3617 Veteni
1912 3569 1953 3616 nc

356 3694 446 3772 Novi
452 3772 455 3777 ,
469 3695 666 3772 Testamenti
689 3697 911 3799 invulgarem
931 3698 1078 3802 lisrguum
1103 3700 1146 3775 nb
1172 3700 1252 3806 apsis
1266 3700 1365 3801 factu
1390 3697 1578 3790 translatio,
1600 3722 1685 3798 quoe
1707 3695 1836 3797 quiden
1860 3695 1946 3768 edin

355 3859 401 3925 est
423 3850 458 3924 in
480 3850 558 3926 urbe
582 3852 725 3937 Materni
731 3906 743 3946 ,
766 3853 851 3928 unde
873 3880 1137 3934 rnnoonunros
1164 3859 1223 3933 111
1250 3855 1416 3932 mannan
1436 3853 1608 3959 Episcopo
1631 3860 1662 3926 et
1688 3847 1840 3952 Capitate
1864 3849 1948 3926 Me-

358 4008 458 4098 tensi,
493 4017 530 4081 nt
567 4007 738 4108 diiigenter
773 4008 989 4112 inquirerent,
1022 4012 1097 4115 quis
1122 4010 1230 4111 Μ
1264 4021 1382 4089 nudor
1418 4009 1559 4111 nusum
1589 4004 1838 4096 annutiant.
1864 4030 1949 4105 quoe

356 4161 483 4236 intentio
525 4163 764 4262 trmrp‘erentis,
801 4193 886 4268 qnae
900 4167 989 4266 fides
1021 4169 1196 4261 nntium,
1228 4195 1314 4270 quae
1346 4192 1446 4240 eausa
1474 4161 1618 4240 docendi.
1669 4164 1712 4237 In
1738 4158 1827 4236 Bul.
1862 4182 1944 4238 vero

378 4467 418 4529 (l)
436 4467 467 4518 1..
487 4483 510 4517 e.
529 4469 589 4534 Cap.
609 4468 634 4520 4.
653 4487 681 4536 p.
702 4471 778 4523 1589.

376 4554 416 4620 (2)
433 4555 526 4605 tonum
543 4557 669 4621 integrum
685 4559 819 4627 detoripeit
836 4578 962 4619 sarsum.
982 4566 1001 4618 1.
1021 4583 1044 4619 e.
1063 4582 1089 4632 p.
1108 4566 1175 4626 659,
1195 4564 1254 4615 660.

376 4644 417 4712 (3)
435 4642 466 4695 L.
487 4659 509 4694 e.
529 4660 555 4710 p.
575 4647 685 4701 amn
