4642 6224
1024 404 1114 555 121ἱ

264 768 376 847 etesiae
394 767 610 853 debalnutes5
624 761 770 865 superbi,
782 761 925 868 propria
942 787 1043 865 opera
1051 759 1234 863 jaetantem
1248 760 1427 864 blasphemi
1441 761 1475 835 in
1490 758 1603 837 Deum
1619 788 1681 865 per
1689 762 1853 855 haereses,

260 925 447 1028 parentibus
473 918 659 995 uunaldus
677 927 708 993 et
729 914 949 1020 spiritualibus
971 915 1199 1008 inobedientes,
1223 917 1303 1017 quia
1323 926 1442 1019 negant
1465 917 1673 992 obedientram
1691 917 1859 992 Praelatis

262 1082 329 1156 suis
335 1107 349 1171 ,·
367 1079 506 1172 scelesti,
530 1077 611 1181 qura
630 1101 707 1150 suas
726 1072 852 1146 unimus
871 1079 903 1144 et
921 1070 1005 1145 alsus
1018 1072 1134 1177 prauis
1146 1071 1352 1173 dogmatibus
1371 1072 1563 1171 interficiunt
1571 1101 1585 1162 ;
1605 1074 1674 1146 sine
1686 1073 1857 1174 affectione

259 1235 308 1309 ad
325 1234 486 1335 eliqueret,
519 1232 587 1305 sine
605 1255 711 1335 pace,
744 1227 828 1302 alios
850 1226 1082 1329 inquietantes,
1105 1225 1347 1318 criminatores,
1380 1199 1460 1328 quid
1487 1227 1561 1301 aliis
1583 1228 1720 1301 crimina
1746 1229 1856 1329 impo-

257 1398 360 1477 nunt,·
394 1386 618 1461 incontinentes
642 1393 699 1460 etc.
749 1382 1009 1459 Prudentiorem
1033 1395 1068 1455 et
1097 1382 1346 1482 generosiorem
1371 1408 1406 1456 se
1432 1383 1601 1483 praestitit
1623 1406 1851 1460 mereremur

258 1541 511 1620 Manicbaeismi
534 1565 593 1613 eos
617 1537 754 1638 quidem
777 1564 957 1632 accusans,
981 1536 1040 1611 sed
1059 1562 1213 1611 rumores
1236 1537 1375 1637 populi,
1400 1538 1525 1638 quibus
1546 1537 1689 1613 nefanda
1711 1539 1853 1615 crimina

259 1700 299 1772 iis
330 1696 600 1795 objiciebantur,
631 1693 782 1768 refellens
811 1691 883 1793 (1).
933 1664 1055 1769 Audiri
1089 1705 1200 1766 tamen
1228 1718 1309 1792 prae
1340 1683 1511 1766 omnibus
1526 1706 1673 1768 meretur
1698 1693 1856 1770 Pseudo-
1883 1682 1910 1729 ⁴·

161 1882 165 1887 ·
260 1842 721 1950 ne1reuuus,eujusrerba
746 1861 841 1922 sunt:
871 1847 959 1923 Cum
985 1873 1094 1921 omnes
1116 1846 1201 1922 aliae
1221 1855 1343 1940 sectae,
1370 1847 1565 1922 imneunrtate
1586 1848 1856 1951 blasphemiarum
1894 1908 1927 1919 Α.

260 2008 294 2080 in
324 2007 458 2099 Deum,
488 2002 690 2079 audierrtrbur
722 2002 890 2077 horrorem
920 2000 1094 2092 inducant,
1131 2001 1230 2092 lraec,
1267 1999 1383 2074 seilicet
1417 2001 1669 2096 Leonrstarum,
1700 2031 1855 2106 nmgrranr

261 2161 354 2236 babet
389 2162 526 2263 speeiem
552 2159 705 2263 pietatis:
742 2184 780 2232 eo
817 2155 909 2258 qnod
945 2182 1058 2230 coram
1086 2154 1275 2230 humetur,
1290 2154 1381 2255 juste
1411 2156 1540 2249 mount,
1572 2156 1650 2231 bene
1681 2160 1789 2234 omnia
1816 2160 1858 2235 de

259 2315 339 2390 Deo
366 2315 519 2405 sceau,
556 2321 587 2386 et
613 2338 720 2387 omrres
742 2310 919 2403 articdos,
952 2311 1015 2412 qni
1040 2311 1074 2383 in
1104 2308 1258 2410 symbolo
1292 2311 1513 2385 continenter:
1546 2311 1747 2390 solummodo
1777 2313 1858 2389 Ro-

259 2497 389 2544 manum
425 2468 609 2543 Ecclesiam
641 2465 862 2571 blasphemant
897 2473 928 2539 et
966 2465 1121 2556 Oleum,
1161 2464 1216 2538 cui
1246 2465 1415 2540 multitudo
1452 2465 1637 2541 Luicurnm
1661 2468 1777 2565 suedis
1811 2480 1858 2544 est

260 2624 306 2698 ud
337 2623 530 2719 medendum
559 2623 630 2723 (2).
689 2622 770 2695 lam
806 2644 889 2696 vero
927 2618 993 2693 hoe
1028 2620 1165 2693 nomine
1200 2618 1377 2693 Valdenses
1407 2622 1510 2695 etiam
1546 2610 1718 2714 Catlraris,
1751 2638 1854 2724 atque

203 2733 208 2741 -
259 2782 307 2855 itu
333 2778 562 2880 Albigensrbus
592 2776 841 2878 praestiterunt.
892 2777 1048 2850 Hermus
1072 2775 1131 2875 (3)
1159 2799 1218 2849 eos
1241 2773 1473 2850 Entbuurastas
1498 2776 1665 2877 appellat,
1702 2779 1856 2853 omnium

259 2935 457 3010 mortalium
493 2933 640 3007 maxime
678 2933 878 3006 innocentes.
943 2931 1107 3005 Similiter
1141 2930 1198 3004 alii
1229 2930 1328 3006 multi
1368 2945 1446 3006 sunt
1482 2933 1519 3005 iu
1554 2930 1709 3007 autibus
1737 2959 1857 3033 eorum
1958 2989 1960 2995 -

169 3167 172 3172 ,
258 3088 490 3193 praedicandis
526 3088 597 3188 (le).
661 3087 729 3162 Sed
776 3085 972 3161 incredibile
1007 3100 1077 3179 est,
1121 3089 1259 3161 Veteres
1298 3086 1365 3160 illis
1406 3112 1526 3162 omnes
1563 3089 1732 3183 maculas,
1762 3118 1856 3192 ¹quae
1929 3082 1952 3155 ’.

185 3209 187 3213 ¹
259 3248 296 3320 iu
324 3247 459 3347 scriptis
483 3270 602 3318 eorum
625 3255 878 3334 memorantur,
901 3255 1025 3315 temere
1049 3241 1261 3344 adspersisse.
1310 3246 1358 3317 Et
1379 3242 1502 3344 placita
1524 3243 1648 3317 horum
1674 3244 1854 3319 homiuum

258 3400 350 3475 haud
382 3400 484 3472 dubie
517 3398 596 3471 talia
630 3411 747 3489 eraut,
779 3410 819 3471 ut
846 3397 998 3472 incautos
1030 3424 1183 3501 quosque
1206 3398 1303 3472 facile
1329 3399 1373 3473 ad
1398 3399 1504 3475 vitum
1528 3397 1726 3478 dissolutam
1750 3399 1856 3476 duoe-

260 3568 335 3631 oent
358 3554 431 3654 (5).
481 3555 723 3626 Verumtamen
754 3553 870 3653 negari
904 3554 1041 3652 nequit,
1076 3555 1157 3632 vitiu
1184 3553 1411 3658 Albigensinm
1442 3570 1698 3679 eeterprumque
1723 3556 1853 3631 Callia-

118 3714 121 3719 ’
261 3735 375 3784 rorum
401 3732 555 3781 sermone
583 3731 681 3806 saepe
709 3707 922 3784 vehementer
950 3723 1150 3810 exaggerata
1176 3709 1289 3787 fuisse.
1340 3702 1533 3785 Memoratu
1558 3710 1699 3809 dignum
1721 3724 1773 3784 est
1801 3724 1856 3786 te—

261 3867 458 3938 stimouium
487 3887 607 3939 eursu
635 3863 817 3954 Monuclri,
849 3864 995 3937 auctoris
1027 3876 1115 3936 certe
1144 3865 1178 3936 iu
1208 3862 1272 3936 hos
1298 3861 1495 3938 Haereticos
1529 3888 1597 3937 non
1625 3863 1852 3964 benignioris:

260 4019 437 4095 Credentes
472 4027 578 4091 antem
614 4015 867 4090 Haereticornm
904 4015 1091 4090 dicebantur
1123 4016 1190 4110 illi,
1222 4018 1282 4119 qui
1307 4017 1493 4091 seculariter
1518 4018 1677 4110 uiuentes,
1710 4019 1781 4093 licet
1804 4021 1853 4094 ad

287 4324 375 4390 (l)1u
396 4324 493 4374 cleron.
513 4341 538 4388 p.
558 4322 707 4382 eoheoz.

288 4416 329 4480 (2)
347 4418 376 4465 Ρ.
395 4414 455 4464 261.
475 4415 510 4464 et.
530 4419 599 4478 etp.
621 4412 688 4473 272,
707 4413 751 4462 ubi
768 4417 795 4463 et
812 4414 856 4465 alit
874 4414 1009 4467 Haeretici
1025 4414 1168 4467 laudantur.

288 4504 329 4568 (3)
351 4504 404 4552 Tlre
422 4503 530 4567 llirtory
547 4503 581 4568 os
594 4498 726 4568 Enqlan'd.
746 4504 803 4553 Vol.
824 4504 859 4554 11.
878 4521 904 4570 p.
923 4505 967 4556 ⁶8.

287 4593 328 4659 (t)
346 4594 446 4642 tirum
464 4594 481 4642 t.
502 4609 524 4642 c.
545 4609 571 4658 p.
590 4593 657 4654 ⁴69,
684 4592 743 4644 470.
780 4594 865 4643 ttrm
882 4599 909 4645 et
926 4610 1004 4645 vnn
1022 4595 1041 4646 l.
1062 4611 1084 4644 c.
1103 4612 1129 4661 p.
1148 4593 1209 4645 314.
1229 4596 1264 4646 ef.
1284 4611 1382 4648 ararat.
1403 4597 1422 4651 l.
1442 4612 1465 4649 e.
1484 4614 1510 4664 p.
1531 4597 1589 4650 170.

287 4680 329 4750 (s)
347 4683 394 4732 eff.
413 4697 508 4733 rcum.
529 4682 548 4732 l.
567 4698 590 4733 c.
626 4684 748 4735 aurun.
767 4699 793 4749 p.
812 4682 872 4734 466.
908 4684 1388 4752 Adderruearr.p.1XV1,11th.
1424 4689 1527 4740 Purra
1544 4689 1617 4742 ltere
1636 4706 1663 4756 p.
1681 4689 1743 4744 503.
1818 4752 1821 4756 .

1696 4800 1741 4888 16
