4642 6224
1095 453 1097 457 ’
1122 465 1180 554 30

357 764 459 839 fuisse
481 763 656 842 ridentur:
679 785 786 861 quara
807 759 1001 833 mirandum
1021 783 1091 833 non
1112 771 1184 851 est,
1207 782 1270 831 nec
1291 776 1446 832 nucum
1469 757 1689 851 Pontificem,
1711 785 1774 835 nec
1795 762 1960 842 Senatum

355 923 570 1008 Romanum,
594 941 657 990 noc
681 939 944 993 rnnnsnronns
967 918 1233 1016 Imperatorem,
1260 915 1298 987 in
1321 911 1575 988 Haereticam
1607 918 1799 992 recensione
1820 923 1962 997 nomina

357 1097 477 1147 aarum
508 1071 669 1170 attigisse.
728 1070 888 1145 Ceterum
921 1083 990 1145 tres
1013 1070 1091 1145 illae
1115 1083 1240 1163 sectae,
1263 1096 1348 1171 quas
1369 1070 1413 1144 ab
1433 1069 1508 1144 aliis
1527 1073 1602 1169 jura
1623 1073 1813 1173 meritoque
1836 1074 1960 1150 daun-

356 1229 432 1328 guit
449 1251 627 1305 susurre
651 1227 735 1329 (1),
759 1228 916 1326 wratis
938 1227 976 1302 in
1001 1227 1115 1302 studio
1132 1225 1367 1302 reformandae
1387 1226 1558 1304 Ecclesiae
1578 1254 1646 1303 non
1674 1229 1720 1302 ab
1744 1231 1840 1304 omui
1863 1246 1961 1333 parte

359 1397 449 1462 recte
486 1364 637 1464 versatae
671 1398 794 1476 erant,
828 1381 1044 1459 Vatdeoatus
1080 1396 1194 1457 umen
1217 1383 1329 1457 lucem
1357 1383 1508 1458 attulisse
1528 1384 1710 1459 censendae
1732 1400 1821 1465 sunt.

405 1541 461 1619 ad
489 1541 719 1640 quaestionem
746 1539 846 1638 hujus
875 1540 942 1614 loci
967 1541 1077 1638 magis
1099 1539 1304 1637 pertinerent
1332 1538 1512 1639 Passagii,
1541 1538 1571 1613 si
1599 1565 1721 1618 verum
1750 1553 1837 1616 esset
1865 1544 1961 1642 quod

359 1696 466 1794 uulgo
488 1697 653 1787 sumitur,
676 1696 711 1770 in
733 1697 777 1770 iis
793 1696 884 1770 cerni
904 1708 1031 1769 aectam
1051 1693 1294 1785 catharenum,
1307 1693 1349 1767 de
1363 1695 1489 1794 quibus
1500 1696 1590 1769 infra
1603 1695 1783 1771 dicendum
1796 1698 1861 1771 erit
1875 1699 1957 1798 (2):

358 1849 417 1925 sed
444 1849 660 1927 vehementer
689 1874 828 1942 vereor,
853 1875 897 1922 ne
922 1850 992 1927 viri
1015 1848 1109 1922 docti
1135 1874 1287 1926 errorem
1309 1852 1569 1926 commisserint.
1620 1851 1730 1927 Iidem
1759 1852 1830 1926 sine
1856 1850 1963 1924 dubio

360 2010 455 2096 sunt,
489 2007 550 2103 qui
585 2003 668 2078 alibi
691 2017 859 2082 vocantur
887 2003 1081 2103 Pasagiai,
1103 2001 1286 2105 Passaque
1292 2057 1304 2096 ,
1337 2003 1543 2107 Passageni,
1566 2004 1781 2105 Passaqen'i,
1805 2005 1961 2107 Pasagii

360 2157 509 2234 Nomina
544 2171 658 2233 sutem
694 2157 847 2258 plerique
879 2159 1143 2259 interpretantur
1169 2186 1230 2262 per
1255 2161 1371 2235 itinera
1396 2169 1560 2252 mardes,
1582 2157 1772 2260 vagabundi
1794 2159 1876 2260 (3).·
1901 2162 1961 2233 in·

359 2313 540 2412 terpretari
557 2314 699 2390 fortasse
717 2327 865 2415 praestat
885 2314 1015 2389 omnino
1037 2316 1157 2407 anai,
1182 2328 1222 2389 ut
1243 2343 1263 2388 a
1287 2340 1371 2395 vooe
1389 2285 1526 2391 infimae
1545 2315 1747 2415 Graecitatis
1774 2314 1963 2414 πασάγιος

360 2466 556 2547 deriventur
588 2468 660 2569 (a),
710 2467 813 2563 Quod
845 2491 953 2560 vero,
987 2468 1015 2543 si
1043 2471 1210 2545 Graecam
1233 2484 1342 2546 metae
1363 2469 1511 2544 ostendit
1538 2470 1728 2570 originem,
1751 2469 1878 2568 placita
1906 2481 1963 2542 tn-

358 2649 438 2700 men
475 2627 547 2722 ejus
579 2649 649 2698 non
684 2623 842 2700 illustrat.
892 2622 958 2699 Sed
984 2624 1068 2723 quid
1094 2624 1160 2697 sihi
1186 2624 1383 2715 voluerint,
1405 2623 1593 2724 intelligere
1619 2646 1800 2722 possumus
1827 2646 1868 2696 ex
1896 2648 1961 2720 ap-

359 2778 538 2880 pellatione
569 2778 867 2872 mammosam,
898 2779 1019 2853 iisdem
1048 2781 1120 2854 siue
1144 2779 1250 2854 dnbio
1273 2780 1470 2855 hominibus
1493 2780 1620 2854 mauu
1644 2778 1718 2879 (5).
1766 2779 1844 2851 Ηοο
1868 2777 1962 2851 euim

359 2957 483 3009 noman
509 2944 701 3033 gesserunt,
728 2934 893 3033 quomam
915 2935 1004 3008 inter
1027 2937 1153 3037 placita
1175 2962 1297 3012 eorum
1321 2935 1492 3011 eminebat
1520 2933 1669 3008 studium
1695 2931 1964 3006 circumcisionis

361 3087 551 3178 Massicae,
575 3111 680 3186 mam
701 3095 780 3161 cnm
803 3087 926 3162 ritibus
953 3099 989 3161 et
1010 3088 1175 3164 doctrinis
1197 3091 1470 3166 Christianorum
1492 3085 1766 3191 conjungendam
1786 3110 1857 3160 esse
1880 3107 1963 3160 oen-

363 3242 483 3316 sebnnt
505 3242 577 3341 (6).
627 3242 731 3337 Quod
751 3243 938 3321 luculenter
961 3246 1109 3321 ostendit
1126 3272 1184 3322 aas
1209 3245 1627 3346 omnino'distinguendos
1646 3267 1718 3317 esse
1742 3269 1764 3314 a
1787 3242 1964 3332 Catiaan‘s,

363 3397 421 3498 qui
457 3397 750 3473 circumcisionem
786 3424 867 3474 cum
903 3402 1063 3478 omnibus
1095 3404 1212 3478 ritihas
1247 3403 1407 3480 Mosaicis
1442 3400 1595 3476 unanimi
1627 3420 1713 3477 roca
1744 3397 1962 3473 detestaba-

391 3758 430 3824 o)
449 3759 480 3810 l·
501 3776 523 3811 0·
542 3775 568 3827 r·
587 3760 638 3812 ⁴⁶⁹
656 3776 715 3826 ura·

392 3850 431 3919 (2)
449 3853 601 3906 ltrecrarrur.
627 3853 647 3903 t.
673 3869 697 3904 c.
722 3869 749 3920 p.
768 3853 849 3905 svn.
886 3854 1017 3908 Grssrrss.
1036 3857 1055 3909 t.
1075 3872 1098 3907 c.
1117 3872 1144 3924 p.
1166 3856 1234 3919 549,
1253 3857 1314 3908 550.
1352 3857 1451 3906 Smrn.
1470 3854 1518 3903 der
1535 3849 1717 3916 Hyatieimst
1733 3849 1779 3898 det
1796 3846 1970 3897 liutmun

452 3960 477 4008 p.
497 3941 550 3992 4³7
566 3943 620 3995 alii.

393 4031 432 4099 (3)
450 4034 578 4084 Usssrros.
597 4032 617 4084 t.
636 4048 660 4082 c.
678 4047 705 4096 p.
723 4032 793 4093 805,
811 4033 873 4085 555.
909 4035 1052 4087 warenne.
1072 4037 1091 4089 t.
1111 4053 1135 4088 c.
1154 4053 1180 4101 p.
1195 4036 1257 4086 052.
1292 4026 1969 4092 Hrscuetvarsr,'110ndtsaddaratt90ustrtsss

457 4122 612 4172 carcerata
629 4122 676 4171 aar
696 4121 974 4175 acarasseorum.
993 4126 1063 4176 rom.
1083 4126 1118 4176 11.
1137 4142 1165 4192 p.
1186 4126 1244 4176 rso.
1836 4113 1844 4132 ⁶

393 4210 432 4278 (4)
449 4212 497 4262 eff.
524 4211 559 4260 du
582 4226 672 4264 caras.
700 4212 867 4264 Glaesariam
894 4215 931 4264 ad
955 4215 1108 4280 Scriptores
1133 4207 1246 4265 nedias'
1267 4221 1293 4263 et
1323 4213 1436 4278 infimae
1461 4211 1639 4271 Lastutsasse,
1667 4211 1694 4259 in
1720 4223 1784 4257 voce
1813 4207 1966 4272 Persectari.

453 4316 569 4351 sarain.
588 4301 607 4352 l.
627 4317 650 4351 e.
668 4317 694 4367 p.
714 4301 776 4356 467.

391 4389 430 4454 (5)
448 4390 479 4438 ln
499 4391 692 4441 constitutions
716 4407 843 4442 resumes
864 4394 970 4457 legimus
994 4394 1169 4455 Circus-cisi,
1197 4393 1357 4456 Pasaaqs'ni,
1384 4408 1414 4442 aa
1438 4393 1459 4442 si
1480 4391 1595 4442 homines
1623 4390 1719 4440 fuerint
1734 4387 1888 4436 dietmarum
1910 4386 1971 4451 opi·

453 4482 573 4542 nionum3
598 4480 643 4529 sed
665 4481 729 4530 haee
749 4481 800 4530 duo
822 4498 876 4532 esse
897 4484 999 4533 nomina
1020 4483 1135 4549 ejusdem
1158 4486 1258 4541 sectae,
1286 4482 1346 4531 sutis
1367 4496 1494 4547 superque
1516 4484 1627 4531 canstat.
1663 4478 1711 4532 ΟΕ.
1736 4488 1879 4529 moseri·
1900 4475 1920 4525 l·
1942 4491 1969 4526 0-

453 4585 480 4635 p.
499 4569 568 4630 513,
587 4568 648 4621 514.
684 4571 816 4623 (issaram.
835 4573 855 4623 t.
874 4588 897 4622 a.
917 4590 943 4639 p.
962 4571 1022 4624 597.

395 4657 434 4725 (6)
451 4659 624 4721 Benacenses,
643 4661 938 4723 viseliacensem,
957 4662 1025 4730 apud
1041 4663 1171 4716 n’acmr.
1191 4662 1211 4714 t.
1231 4677 1254 4716 a.
1272 4661 1343 4717 Tem.
1361 4661 1385 4713 1.
1404 4674 1431 4730 p.
1449 4660 1517 4724 att,
1539 4660 1600 4713 212.
