4642 6224
1258 405 1371 493 tto

492 717 643 806 expertes
674 716 771 777 erant
785 701 869 803 (l);
903 700 960 776 sed
981 699 1074 802 quod
1102 698 1263 772 institutis
1288 696 1512 773 Cctlrcromm
1535 698 1644 773 simile
1663 701 1727 795 sit,
1752 706 1844 804 apud
1865 732 1925 781 eos
1945 735 2014 783 non
2037 738 2095 787 η.

493 856 633 959 peritur.
683 858 849 958 Utrique,
881 856 975 960 quod
1005 856 1141 933 vivendi
1167 856 1334 929 rationem
1363 855 1500 947 attinet,
1529 854 1670 957 Myrtici
1695 858 1849 952 luerunt,
1874 861 1909 937 id
1935 878 2004 957 est,
2028 866 2094 941 ho.

492 1016 602 1089 mines
640 1013 748 1086 sensui
785 1011 955 1113 quendam
983 1012 1210 1112 principatum
1237 1013 1443 1101 tribuentes,
1476 1023 1512 1085 et
1537 1014 1734 1086 Ascetcmm
1754 1023 1912 1091 'veterum
1940 1022 2094 1121 exempla
2160 1049 2166 1063 ¹

493 1181 687 1272 sequentes:
724 1194 843 1244 verum
868 1169 915 1241 ita
937 1179 1070 1259 tamen,
1095 1182 1135 1241 ut
1157 1167 1259 1266 hujus
1283 1168 1372 1243 vitae
1395 1167 1545 1241 studium
1563 1195 1605 1242 ex
1630 1169 1731 1269 longe
1751 1171 1888 1249 diverso
1913 1175 2006 1251 sonte
2028 1204 2093 1280 pc-

434 1374 438 1383 ,
490 1340 608 1400 terent.
670 1324 826 1399 Cctlroris
858 1325 914 1401 vel
939 1323 1170 1425 Albigensrbus
1199 1321 1453 1398 Illcniclroeismr'
1475 1335 1509 1395 et
1543 1323 1754 1397 Gnosticr'rmi
1785 1327 1908 1426 placita
1939 1343 2094 1414 contem-

491 1497 565 1556 tum
589 1481 802 1555 inculcabant
831 1484 985 1580 corporis
1013 1481 1233 1580 omniumque
1260 1507 1374 1554 rerum
1400 1478 1678 1580 adspectabilium
1704 1481 1788 1581 (2);
1823 1482 2001 1558 Valderrses
2029 1488 2094 1559 Li-

497 1650 642 1710 terarum
671 1636 851 1709 Sacrarum
881 1634 1034 1708 doctrina
1063 1635 1298 1708 inflammabat
1320 1634 1363 1708 ad
1393 1661 1510 1708 curam
1531 1649 1565 1708 et
1592 1633 1825 1735 diligentiam,
1849 1639 1972 1737 quibus
1995 1666 2091 1715 mens

490 1819 635 1894 corpore
658 1794 814 1894 superior
837 1791 1003 1870 evaderet.
1053 1793 1111 1867 Illi
1136 1793 1241 1894 igitur
1265 1794 1330 1865 sibi
1355 1792 1598 1865 interdicebant
1617 1819 1717 1868 usum
1740 1795 1852 1870 omnis
1871 1797 1939 1869 cibi
1959 1799 2092 1872 enima-

491 1952 554 2043 lis,
588 1952 717 2042 carnis,
750 1951 855 2040 casei,
890 1948 986 2022 lactis
1008 1949 1087 2047 (3);
1123 1949 1159 2020 bi
1189 1928 1325 2022 lautam'
1346 1962 1381 2021 et
1405 1948 1583 2022 delicatam
1610 1976 1748 2039 coenam
1779 1950 2089 2052 adspernubantur,

488 2121 636 2180 ceterum
661 2104 756 2177 omni
779 2104 938 2176 alimento
966 2101 1079 2178 sobrie
1104 2104 1294 2179 utebantur.

540 2260 717 2335 Valdenses
746 2284 951 2338 nossunrus
967 2260 1028 2361 (b)
1065 2284 1145 2333 cum
1175 2261 1297 2360 priscis
1328 2262 1540 2361 comparavit
1576 2262 1785 2352 Donatistis3
1812 2263 1906 2365 quod
1942 2267 1979 2338 in
2004 2290 2088 2358 ecs,

489 2430 606 2517 utpote
633 2415 785 2488 homines
804 2416 897 2515 pacis
922 2416 1205 2508 studiosissimos,
1229 2418 1448 2517 injuriosum,
1474 2417 1594 2492 deiude
1619 2444 1703 2496 vero
1726 2419 1850 2492 falsum
1874 2432 1924 2492 est
1947 2434 2088 2521 propter

486 2572 722 2649 discessionem
753 2596 872 2645 eorum
896 2599 917 2644 e
943 2573 1237 2671 superstitionibus
1264 2574 1433 2647 Ecclesiae
1458 2577 1656 2663 Romanae,
1681 2573 1803 2647 Seculo
1831 2576 1908 2648 ΧΠ
1934 2576 2005 2672 jam
2031 2601 2089 2649 sa-

486 2730 528 2801 tis
559 2753 727 2829 superque
763 2725 1023 2803 manifestatum.
1072 2728 1155 2800 Vita
1188 2753 1309 2802 eorum
1332 2743 1406 2801 erat
1433 2729 1564 2819 tenuis,
1586 2742 1621 2801 et
1649 2728 1752 2829 paulu
1779 2728 1928 2832 alienior.
1943 2729 1987 2802 eb
2017 2728 2087 2804 liu-

486 2887 657 2960 marritute.
694 2881 885 2957 Commoda
899 2883 1058 2983 quaevis,
1082 2908 1185 2982 supra
1203 2909 1308 2983 quem
1323 2909 1386 2982 par
1405 2897 1499 2976 erat,
1522 2882 1762 2983 despiciebant
1794 2884 1975 2985 Urgebant
1994 2911 2085 2988 quo-

485 3067 572 3142 que,
596 3052 635 3112 ut
661 3039 866 3129 necessaria,
890 3064 977 3137 quae
1006 3051 1168 3136 tanquam
1192 3039 1227 3110 in
1254 3039 1365 3111 medio
1393 3039 1502 3139 posita
1530 3052 1638 3116 erunt.
1688 3042 1847 3114 Ceterum
1875 3065 1957 3116 vero
1980 3039 2086 3114 scele—

485 3198 535 3268 ris
555 3209 612 3269 aut
633 3195 753 3295 flagitii
777 3193 879 3267 ullius
905 3194 1265 3292 convinci'nequeunt.
1313 3196 1474 3269 Anisus
1498 3195 1642 3293 turpiter
1665 3194 1816 3266 abutitur
1841 3195 1956 3270 verbis
1983 3215 2085 3271 Pau-

485 3374 529 3425 1.1
551 3349 633 3449 (5),
666 3348 913 3421 admonitiones
942 3351 1015 3445 ejus
1047 3347 1208 3426 adversus
1242 3361 1459 3449 corruptores
1488 3348 1540 3420 sui
1569 3349 1734 3449 temporis
1759 3347 1804 3421 ad
1834 3347 2012 3422 Vatdann
2037 3350 2086 3422 sic

483 3505 673 3606 applicans:
689 3502 789 3576 Haec
803 3501 911 3575 omnic
925 3500 1066 3574 martine
1080 3502 1268 3576 conveniunt
1285 3501 1531 3595 Wcldensibnr,
1553 3503 1613 3615 qui
1623 3503 1700 3578 elati
1710 3512 1803 3596 cent,
1822 3503 1991 3579 Praelatio
2004 3504 2082 3578 Ec·

507 3889 777 3955 (irrumpunt.
797 3904 818 3938 e.
837 3906 863 3956 p.
884 3889 951 3949 278,
972 3889 1033 3940 282.
1062 3891 1200 3957 Scriptum
1218 3891 1397 3956 Inquisitorie
1417 3891 1556 3956 cujusdem
1578 3891 1711 3956 Anonymi
1730 3892 1763 3940 de
1787 3890 1958 3940 Valderreibru
1976 3890 2009 3940 ed
2028 3893 2082 3941 cal-

570 3999 626 4031 cem
643 3981 701 4029 libri
719 3994 813 4028 rrrrxrr
831 3997 857 4045 p.
876 3979 944 4040 324,
963 3981 1025 4031 325.
1062 3983 1193 4032 Girsun.
1212 3998 1238 4048 p.
1256 3982 1309 4031 ὃἨ
1326 3998 1383 4045 sqq.

505 4074 547 4138 (2)
564 4074 654 4122 beura
672 4072 691 4122 l.
712 4087 734 4120 c.
754 4086 780 4136 p.
800 4070 870 4125 tot.
887 4071 949 4123 503.
1213 4130 1214 4133 ¹
1570 4140 1573 4145 .

507 4165 546 4228 (3)
563 4165 685 4214 rcum.
704 4163 723 4212 l.
743 4177 766 4211 e.
783 4178 808 4226 p.
826 4163 877 4212 609
891 4179 949 4226 sqq.
985 4165 1094 4214 Aruns.
1115 4163 1134 4215 l.
1152 4180 1174 4214 c.
1191 4179 1217 4229 p.
1235 4163 1296 4214 tto.
1333 4164 1437 4213 lours
1456 4177 1483 4227 p.
1502 4161 1529 4213 b.
1547 4161 1640 4211 Vinum
1658 4160 1734 4209 etiem
1749 4163 1934 4224 congustum
1949 4160 2084 4219 dicuntur,

569 4271 628 4303 curn
647 4252 679 4306 ab
695 4253 768 4311 aliie,
797 4255 851 4300 turn
867 4267 882 4300 a
900 4268 998 4304 surm
1015 4271 1041 4319 p.
1062 4254 1121 4305 tas.
1141 4254 1187 4316 qui
1206 4259 1232 4303 et
1250 4269 1297 4303 ore
1316 4255 1418 4316 utrique
1440 4251 1618 4302 Cctborcrurrr
1634 4251 1738 4314 generi,
1763 4249 1834 4315 quotl
1852 4254 1989 4310 recenset,
2008 4252 2086 4301 inter-

569 4344 639 4394 dicta
655 4359 710 4392 eree
729 4347 826 4394 monet.
846 4360 872 4407 p.
890 4343 924 4403 b,
944 4343 972 4395 d.
1008 4345 1090 4394 Aliter
1107 4358 1166 4394 vero
1185 4360 1278 4395 rursus
1295 4360 1321 4409 p.
1340 4341 1400 4393 tot.
1420 4327 1548 4393 scribens:
1576 4357 1628 4406 quo
1643 4342 1879 4401 attendisset,
1900 4343 2085 4393 obrtieendrm

568 4448 624 4484 eree
641 4448 658 4482 o
676 4433 818 4493 caruitne,
839 4438 865 4483 ct
881 4447 936 4483 uon
953 4434 985 4483 cb
1002 4436 1075 4496 coir,
1097 4450 1157 4484 rure
1175 4450 1224 4484 ceo
1241 4434 1327 4498 manu
1339 4432 1487 4498 praebeant
1498 4434 1653 4500 sorrentum
1669 4431 1796 4483 turer-tae
1813 4447 1896 4500 quon
1912 4432 2025 4484 corner!

506 4522 546 4588 (4)
565 4523 595 4575 t.
615 4540 638 4574 c.
657 4538 684 4588 p.
706 4522 765 4574 149.

506 4615 548 4679 (t)
564 4613 581 4663 2
599 4614 661 4667 Tim.
681 4613 731 4665 ttt.
750 4628 787 4663 re.
810 4613 820 4662 1
841 4628 898 4681 rqq.
