4642 6224
1028 452 1083 536 57

253 748 317 821 bus
337 759 506 840 servaret,
529 745 589 821 sed
610 757 652 831 ut
670 770 709 820 ea
729 745 773 818 ad
793 756 968 821 extraneos
986 741 1221 847 propagaret?
1251 739 1345 815 Nihil
1368 740 1459 816 aliud
1477 742 1584 843 igitur
1606 755 1725 835 restat,
1748 768 1851 845 quam

250 916 291 976 ut
322 903 504 1003 scriptores
536 914 744 976 memoratos
778 900 820 973 de
843 897 1057 973 Vatdmsibus
1081 898 1223 972 tacuisse
1249 922 1464 990 oenseamus‚
1488 898 1582 1001 quod
1605 900 1676 991 illi,
1699 914 1852 1002 ternpore

251 1081 336 1148 suo,
363 1055 517 1133 nondum
540 1056 649 1132 exorti
671 1069 791 1135 essent.
840 1057 956 1147 Quam
978 1052 1081 1126 etiam
1107 1052 1153 1125 ob
1168 1076 1303 1126 causam
1329 1030 1566 1129 annotamus
1593 1052 1635 1127 de
1653 1053 1751 1153 sonte
1779 1056 1853 1131 Cu-

250 1208 316 1283 lido
348 1210 390 1282 iis
424 1211 609 1287 novitatem
638 1235 735 1284 suam
765 1209 910 1309 objicit,
932 1203 1113 1283 tractatum
1133 1207 1182 1282 sio
1203 1208 1387 1308 iucipiens:
1415 1207 1555 1282 Souetae
1580 1208 1756 1293 Romanae
1774 1209 1852 1283 Ec-

248 1365 360 1439 clesrire
390 1364 592 1466 praesidente
617 1363 768 1440 Douriuo
800 1387 942 1455 numo,
972 1363 1100 1437 melitae
1128 1340 1386 1451 secerdotium&
1416 1361 1520 1437 subito
1543 1364 1728 1438 extulerunt
1754 1374 1852 1471 eaput

247 1518 324 1594 noui
350 1519 524 1595 Haeretici
536 1521 608 1622 (l).
659 1519 782 1614 Quid?
807 1520 902 1620 quod
929 1521 1042 1620 prima
1065 1543 1186 1594 eorum
1205 1517 1349 1619 vestigia
1372 1541 1541 1617 nusquam
1563 1517 1643 1591 alibi
1672 1518 1851 1619 reperiun-
1986 1535 1988 1538 ’

246 1689 327 1772 tur,
359 1703 462 1778 quam
501 1653 667 1778 Lugduni
678 1726 691 1769 ‚
724 1674 813 1749 unde
844 1674 1084 1776 Lugdunenses
1110 1672 1285 1779 Pauperes
1304 1672 1345 1746 de
1371 1671 1565 1774 Legatum,
1587 1671 1764 1748 Leousue
1787 1700 1852 1775 op-

243 1831 360 1930 pellnti
389 1842 467 1904 sum
503 1831 576 1934 (2).
628 1831 720 1907 Hinc
746 1844 859 1905 autem
892 1829 1068 1930 quomodo
1100 1829 1222 1905 Seculo
1252 1829 1330 1903 XII
1363 1827 1405 1901 ad
1429 1831 1533 1903 finem
1556 1842 1738 1930 vergente,
1761 1828 1853 1903 ulte-

100 2062 104 2069 ,
248 1987 344 2077 rius,
366 1999 401 2060 et
425 1984 562 2086 quidem
589 1987 627 2059 in
651 1985 805 2077 Italian,
830 1983 995 2076 Gutum,
1018 1997 1136 2085 postea
1159 1984 1196 2056 iu
1227 1984 1441 2058 Gemmuam
1463 1984 1636 2087 progressi
1660 1984 1748 2077 sint,
1771 1998 1853 2060 tau-

247 2166 352 2240 quam
381 2139 490 2242 digito
518 2152 708 2216 monstrare
732 2165 916 2244 possumus
941 2138 1014 2242 (3).
1062 2138 1182 2213 Verbo
1211 2137 1323 2212 dicam
1330 2191 1343 2232 ,
1366 2138 1482 2213 omnia
1507 2149 1675 2214 tenentem
1703 2135 1852 2211 Voldeu-
1972 2125 1978 2138 ⁹

244 2294 327 2368 uum
355 2295 525 2394 originem
547 2295 632 2368 adeo
664 2293 837 2396 produnt,
861 2307 901 2368 ut
927 2307 1070 2372 statuere
1096 2319 1166 2367 non
1196 2319 1397 2387 vereamur,
1419 2292 1508 2367 hanc
1535 2306 1661 2369 sectam
1684 2305 1765 2394 post
1788 2318 1853 2366 au·

243 2470 328 2518 num
355 2446 496 2520 MCLX
519 2461 552 2520 et
575 2470 707 2522 nanno
730 2446 869 2549 quidem
897 2470 1038 2524 vanno
1065 2463 1201 2524 auctore
1221 2449 1398 2525 exstitisse.

292 2600 375 2674 Jam
412 2624 520 2692 vero,
558 2601 588 2675 si
615 2600 697 2676 baec
731 2599 941 2675 Vulderor'um
973 2614 1107 2676 oonstat
1138 2602 1259 2702 origo,
1295 2599 1374 2675 iude
1413 2602 1591 2702 sequitur,
1618 2602 1706 2674 inter
1733 2627 1792 2677 eos
1816 2616 1850 2677 et

244 2752 436 2856 neugma
463 2757 631 2831 iuteresse.
680 2755 806 2831 Omnis
829 2756 921 2832 enim
945 2757 1049 2847 ratio,
1078 2782 1146 2858 qun
1166 2767 1270 2860 eaput
1294 2754 1507 2846 extulerunt,
1540 2754 1755 2833 vehementer
1776 2755 1850 2830 dis-

245 2920 362 3012 crepat
385 2908 430 2983 ab
453 2910 517 3004 iis,
551 2937 638 3013 quae
659 2909 701 2985 de
725 2909 956 3014 Albr‘genuleua
974 2910 1073 2986 nobis
1099 2908 1221 2984 tradita
1245 2922 1335 2988 sunt.
1385 2911 1480 2986 Tum
1508 2908 1636 2985 multos
1658 2934 1783 3004 annos,
1810 2922 1849 2984 ut

243 3063 330 3176 infra
367 3064 595 3164 probabitur,
623 3067 842 3161 exstiterunt,
866 3079 1047 3169 antequam
1073 3065 1299 3168 Albigeuu'um
1320 3063 1503 3169 appellatio
1526 3078 1692 3168 tanquam
1716 3065 1771 3165 jus
1792 3067 1849 3140 ci·
1960 3050 1964 3056 ’

244 3218 359 3296 vitatis
395 3221 570 3320 acciperet.
619 3221 774 3323 Denique
807 3223 997 3316 Calliaros,
1032 3224 1237 3324 quibuscum
1259 3224 1297 3296 in
1325 3223 1423 3298 libris
1446 3221 1632 3315 Veterum,
1655 3219 1847 3323 Albr'geuses

215 3370 497 3447 3Morrialroeismi
526 3375 582 3452 vel
610 3376 820 3452 Gnostt'oismi
840 3379 963 3479 placita
983 3380 1179 3454 communia
1199 3378 1358 3455 habuisse
1375 3376 1555 3471 dicuntur,
1578 3378 1734 3479 longiore
1757 3392 1849 3456 tem-

241 3527 338 3628 poris
367 3527 549 3606 intervallo
586 3545 793 3630 sequuntur,
827 3560 933 3635 quam
969 3546 1008 3607 ut
1042 3532 1185 3644 eundem
1226 3534 1262 3606 in
1293 3532 1409 3608 locum
1441 3557 1692 3637 numerumque
1728 3535 1846 3609 referri
1981 3600 1985 3608 .

243 3682 391 3778 possiuts
426 3681 491 3755 nisi
525 3683 601 3782 quis
627 3685 714 3785 sorte
746 3687 902 3789 cupidius
931 3701 966 3763 et
998 3688 1126 3791 absque
1161 3688 1234 3763 ullo
1268 3700 1490 3790 argumento,
1519 3714 1561 3763 ex
1585 3688 1733 3790 antiquis
1755 3690 1843 3763 sori·

212 3835 398 3933 ·ptoribus
422 3838 550 3938 petito,
584 3865 717 3915 sumere
740 3840 846 3935 velit,
866 3867 908 3917 ex
934 3842 1157 3919 Cdberonem
1185 3844 1310 3919 semine
1340 3842 1550 3922 Valdeusrion
1577 3843 1731 3919 sobolem
1753 3868 1840 3945 pro-

241 4001 389 4065 creatam
407 4018 487 4070 esse.

243 4267 727 4295 -Ἄ--ι-

268 4461 309 4528 (1)
327 4461 399 4514 sor.
419 4464 585 4520 Protulerat.
605 4472 693 4525 mv.
712 4490 739 4541 p.
759 4477 836 4530 1585.

266 4549 307 4617 (2)
324 4552 481 4605 Comtitutto
499 4573 626 4610 nussum
643 4563 761 4627 nomina,
783 4582 834 4617 non
852 4570 935 4618 metas
952 4566 1114 4630 discernens,
1137 4568 1212 4620 simul
1229 4567 1344 4634 loquitur
1359 4564 1392 4618 tls
1408 4564 1546 4619 leoninis
1560 4570 1588 4619 et
1609 4565 1788 4622 reomau.

266 4638 309 4708 (³)
325 4642 365 4696 Gt.
385 4659 530 4700 κιιοιω.
549 4647 570 4700 1.
589 4666 612 4702 e.
631 4667 657 4718 p.
674 4652 743 4715 11311,
762 4655 831 4720 138,
850 4657 917 4721 teo,
935 4658 1004 4721 on,
1021 4659 1091 4722 1113,
1109 4659 1174 4714 ert.

1693 4789 1719 4863 8
