4642 6224
1110 453 1179 539 tto

354 752 524 857 Pipttera
555 762 641 842 etc,
675 750 707 822 si
745 744 922 820 andeases
944 742 1172 837 inducuntur,
1196 743 1291 821 nulla
1317 745 1359 817 fit
1387 747 1527 823 mentio.
1577 730 1662 824 Pars
1686 747 1807 824 diserte
1836 751 1879 827 ab
1906 751 1960 828 lris

354 908 573 998 discernitur,
594 903 645 976 uti
671 900 846 1006 Iosepint',
869 899 1025 975 Peterini
1036 900 1108 1002 (l).
1147 901 1250 995 Quod
1276 913 1311 976 et
1339 902 1381 977 de
1412 901 1599 1005 Tarlept‘m's
1623 905 1755 1000 velere,
1780 907 1859 981 satis
1880 933 1958 984 cer·

356 1076 429 1137 turn
449 1075 500 1133 est
514 1058 587 1159 (2).
612 1058 730 1158 Neque
746 1057 963 1157 excipiendos
983 1083 1053 1132 esse
1072 1056 1253 1159 Buanos,
1274 1085 1316 1135 ex
1334 1084 1376 1134 ec
1394 1060 1638 1162 intelligimus,
1661 1063 1756 1163 quod
1775 1089 1962 1164 nusquam,

356 1217 499 1293 sibene
535 1214 697 1306 memini,
730 1239 797 1288 una
828 1240 909 1291 cum
945 1213 1158 1288 Vuldeusium
1195 1229 1283 1291 secta
1309 1217 1344 1288 in
1372 1216 1471 1292 libris
1506 1220 1669 1294 Veterum
1704 1220 1806 1293 nobis
1841 1245 1964 1294 coenr-

357 1386 438 1451 runt
451 1401 463 1473 3
475 1385 602 1449 contra
622 1384 706 1452 vero
727 1396 853 1448 nonen
873 1397 994 1447 eornm
1017 1398 1097 1447 cum
1110 1370 1348 1448 Palerinorum
1360 1376 1499 1449 nomine
1514 1375 1564 1450 ibi
1577 1389 1810 1477 permutatum
1823 1388 1874 1450 est
1888 1375 1959 1476 (3).

1093 1683 1132 1817 ,ἓ
1166 1693 1217 1852 9,

463 1999 707 2103 Valdensee,
737 1999 802 2081 uli
829 1995 881 2080 od
907 1994 1015 2078 aliis
1042 1993 1309 2100 Haereticis,
1338 1998 1403 2080 ito
1431 1999 1557 2081 oliam
1585 1999 1637 2082 ob
1665 2000 1868 2111 Albigen·

719 2165 838 2250 sibus
864 2164 1185 2276 distinguendos
1212 2195 1301 2250 ease
1328 2166 1608 2250 concluditur.

408 2463 490 2537 Jam
517 2461 664 2564 probare
688 2462 801 2535 conati
823 2484 958 2553 sumus,
986 2459 1099 2537 varies
1123 2458 1224 2534 luisse
1248 2459 1505 2535 Haeretieomm
1528 2459 1666 2552 turbas,
1690 2487 1709 2533 a
1734 2460 1858 2559 quibus
1881 2462 1968 2534 scri-

261 2711 264 2719 ·
358 2631 474 2719 ptores
498 2617 605 2693 'medii
632 2619 707 2698 aevi
738 2615 778 2692 V
771 2616 916 2691 cldeaaes
943 2615 1208 2715 distinguerent,
1242 2630 1276 2691 et
1304 2643 1391 2718 quos
1423 2617 1547 2717 placita
1582 2627 1714 2689 secutos
1747 2640 1817 2688 esse
1851 2613 1965 2689 trade-

359 2789 455 2868 rent,
490 2775 535 2848 ab
568 2774 671 2874 hujus
699 2786 807 2849 sectae
837 2773 971 2874 placitis
999 2773 1206 2872 longissime·
1223 2771 1368 2850 diverse.
1418 2744 1529 2873 Supra
1558 2783 1672 2845 autem
1699 2771 1837 2843 Veteres
1864 2767 1967 2845 Atti-

355 2929 509 3030 geusr'dua
535 2933 628 3031 (jure
654 2958 697 3005 au
718 2930 864 3029 injuria,
892 2956 982 3004 nunc
1010 2955 1080 3003 non
1105 2929 1298 3029 quaeritur)
1323 2927 1459 3002 eosdem
1485 2951 1618 3000 errores
1646 2938 1748 3025 atque
1772 2924 1840 2998 illis
1863 2923 1966 2998 Hoe-

259 3068 261 3072 ὗ
357 3084 466 3159 adress
495 3084 656 3182 objecisse
683 3084 844 3164 vidimus.
875 3087 996 3186 Itaque
1025 3082 1220 3177 Valdoues,
1247 3085 1277 3157 si
1306 3082 1498 3184 antiquitati
1520 3081 1703 3155 auctoritas
1728 3091 1762 3154 et
1784 3078 1868 3154 fides
1893 3090 1961 3169 est,

357 3237 408 3313 uli
428 3236 470 3311 nb
498 3236 572 3311 atta
597 3237 805 3333 Hwott,
838 3239 886 3313 ita
913 3241 1012 3316 etiam
1037 3240 1079 3315 ab
1107 3239 1360 3343 Albr‘gerurdus,
1389 3233 1633 3338 demotos
1659 3259 1726 3309 esse
1753 3232 1965 3308 emoluddor.

360 3392 429 3468 sed
460 3392 665 3493 prinsquam
700 3392 766 3467 hac
800 3395 836 3468 in
873 3396 1087 3473 conclusione
1119 3410 1193 3471 tuto
1223 3396 1435 3498 acquiescere
1460 3392 1613 3496 possim,
1647 3415 1780 3465 necesse
1807 3391 1875 3463 erit
1910 3414 1970 3464 ce-

358 3573 459 3641 vere,
493 3547 647 3648 nequid
665 3550 845 3650 supersit,
878 3550 971 3652 quod
1004 3549 1092 3625 milri
1125 3563 1328 3654 opponatur.
1377 3549 1425 3625 Et
1454 3546 1621 3648 supererit
1654 3543 1876 3621 hauddubie
1904 3543 1966 3634 iis,

366 3703 429 3803 qui
454 3701 623 3779 calculum
651 3702 817 3803 adjiciunt
840 3690 1112 3804 nwanncurc,
1132 3710 1231 3815 grani
1258 3693 1355 3802 viro,
1388 3706 1486 3808 cujus
1512 3731 1553 3780 ex
1580 3703 1741 3805 opinione
1771 3700 1830 3802 (l)
1857 3697 1969 3775 Pae-

363 3857 445 3935 rinr's
469 3858 587 3936 ltaliae
613 3859 705 3936 vires
727 3861 936 3946 ministravit
962 3868 1074 3948 vuius
1106 3867 1239 3964 (uta,
1264 3866 1313 3941 io.
1327 3891 1413 3969 qua,
1443 3863 1510 3958 ait,
1542 3858 1719 3962 owenus
1745 3852 1971 3957 Allrgeadm

397 4292 441 4362 (11
455 4293 519 4347 Vide
534 4295 642 4381 Deerat.
658 4297 751 4366 suunt
767 4298 795 4352 3.
810 4297 976 4371 descriptum.
1011 4306 1116 4360 hus..
1135 4307 1162 4357 tn
1179 4305 1250 4362 Bm.
1270 4305 1346 4359 Patr.
1366 4302 1385 4359 l.
1405 4316 1427 4357 a.
1444 4316 1470 4370 p.
1486 4298 1538 4354 260
1556 4312 1613 4366 sqq.
1632 4296 1767 4350 Summam
1783 4310 1892 4350 susm.
1912 4295 1931 4348 l.
1952 4312 1977 4348 o.

455 4400 482 4450 p.
502 4384 578 4437 Hel.
1447 4427 1450 4434 .

398 4472 439 4541 (2)
456 4475 592 4528 l'nsrrsr.
611 4477 630 4528 l.
651 4493 674 4529 e.
693 4493 719 4544 p.
738 4477 773 4530 88
790 4494 848 4547 sqq.

397 4563 438 4721 g}
455 4565 495 4704 {t
514 4571 627 4706 praete⁸r6
631 4568 661 4621 tt.
681 4567 693 4636 ς
713 4566 739 4623 7.
760 4585 797 4625 ee.
817 4587 944 4629 serratus
963 4591 1092 4641 starent,
1116 4575 1183 4646 opp.
1203 4591 1231 4645 p.
1248 4573 1310 4630 429.

478 4690 486 4708 .
507 4669 529 4706 c.
548 4670 574 4721 p.
630 4692 637 4707 .
892 4669 895 4673 ·
