<?xml version="1.0" encoding="UTF-8"?>
<!DOCTYPE html PUBLIC "-//W3C//DTD XHTML 1.0 Transitional//EN"
    "http://www.w3.org/TR/xhtml1/DTD/xhtml1-transitional.dtd">
<html xmlns="http://www.w3.org/1999/xhtml" xml:lang="en" lang="en">
 <head>
  <title>
</title>
<meta http-equiv="Content-Type" content="text/html;charset=utf-8" />
  <meta name='ocr-system' content='tesseract 3.04.00' />
  <meta name='ocr-capabilities' content='ocr_page ocr_carea ocr_par ocr_line ocrx_word'/>
</head>
<body>
  <div class='ocr_page' id='page_1' title='image "./disputatioacade00jasgoog_0059.png"; bbox 0 0 4642 6224; ppageno 0'>
   <div class='ocr_carea' id='block_1_1' title="bbox 1131 462 1187 547">
    <p class='ocr_par' dir='ltr' id='par_1_1' title="bbox 1131 462 1187 547">
     <span class='ocr_line' id='line_1_1' title="bbox 1131 462 1187 547; baseline 0 0"><span class='ocrx_word' id='word_1_1' title='bbox 1131 462 1187 547; x_wconf 72' lang='lat'><em>44</em></span> 
     </span>
    </p>
   </div>
   <div class='ocr_carea' id='block_1_2' title="bbox 359 749 1962 1795">
    <p class='ocr_par' dir='ltr' id='par_1_2' title="bbox 359 749 1962 1795">
     <span class='ocr_line' id='line_1_2' title="bbox 363 749 1962 859; baseline 0.011 -34"><span class='ocrx_word' id='word_1_2' title='bbox 363 752 508 827; x_wconf 74' lang='lat' dir='ltr'><em>similiter</em></span> <span class='ocrx_word' id='word_1_3' title='bbox 534 761 564 826; x_wconf 87' lang='lat' dir='ltr'><em>et</em></span> <span class='ocrx_word' id='word_1_4' title='bbox 594 751 716 826; x_wconf 84' lang='lat' dir='ltr'><em>coetum</em></span> <span class='ocrx_word' id='word_1_5' title='bbox 737 749 826 824; x_wconf 72' lang='lat' dir='ltr'><em>istud</em></span> <span class='ocrx_word' id='word_1_6' title='bbox 848 749 988 842; x_wconf 61' lang='lat' dir='ltr'><em>casote,</em></span> <span class='ocrx_word' id='word_1_7' title='bbox 1015 760 1045 824; x_wconf 84' lang='lat' dir='ltr'><em>et</em></span> <span class='ocrx_word' id='word_1_8' title='bbox 1074 779 1198 827; x_wconf 88' lang='lat' dir='ltr'><em>omnem</em></span> <span class='ocrx_word' id='word_1_9' title='bbox 1225 763 1377 828; x_wconf 86' lang='lat' dir='ltr'><em>ornatum</em></span> <span class='ocrx_word' id='word_1_10' title='bbox 1399 782 1532 849; x_wconf 86' lang='lat' dir='ltr'><em>eornm,</em></span> <span class='ocrx_word' id='word_1_11' title='bbox 1562 758 1681 834; x_wconf 77' lang='lat' dir='ltr'><em>sceticet</em></span> <span class='ocrx_word' id='word_1_12' title='bbox 1706 763 1822 859; x_wconf 83' lang='lat' dir='ltr'><em>solem,</em></span> <span class='ocrx_word' id='word_1_13' title='bbox 1852 765 1962 842; x_wconf 79' lang='lat' dir='ltr'><em>lunam</em></span> 
     </span>
     <span class='ocr_line' id='line_1_3' title="bbox 364 903 1961 1026; baseline 0.009 -48"><span class='ocrx_word' id='word_1_14' title='bbox 364 917 392 979; x_wconf 91' lang='lat' dir='ltr'><em>et</em></span> <span class='ocrx_word' id='word_1_15' title='bbox 414 907 529 981; x_wconf 86' lang='lat' dir='ltr'><em>stellas.</em></span> <span class='ocrx_word' id='word_1_16' title='bbox 581 903 727 980; x_wconf 81' lang='lat' dir='ltr'><em>Credant</em></span> <span class='ocrx_word' id='word_1_17' title='bbox 747 904 860 992; x_wconf 85' lang='lat' dir='ltr'><em>etiam,</em></span> <span class='ocrx_word' id='word_1_18' title='bbox 883 904 975 1005; x_wconf 83' lang='lat' dir='ltr'><em>qnod</em></span> <span class='ocrx_word' id='word_1_19' title='bbox 993 903 1051 978; x_wconf 86' lang='lat' dir='ltr'><em>iste</em></span> <span class='ocrx_word' id='word_1_20' title='bbox 1072 907 1114 979; x_wconf 87' lang='lat' dir='ltr'><em>sit</em></span> <span class='ocrx_word' id='word_1_21' title='bbox 1134 905 1249 998; x_wconf 89' lang='lat' dir='ltr'><em>Dens,</em></span> <span class='ocrx_word' id='word_1_22' title='bbox 1277 908 1318 983; x_wconf 85' lang='lat' dir='ltr'><em>de</em></span> <span class='ocrx_word' id='word_1_23' title='bbox 1341 937 1407 1010; x_wconf 80' lang='lat' dir='ltr'><em>qno</em></span> <span class='ocrx_word' id='word_1_24' title='bbox 1428 911 1477 984; x_wconf 87' lang='lat' dir='ltr'><em>ait</em></span> <span class='ocrx_word' id='word_1_25' title='bbox 1497 934 1648 989; x_wconf 74' lang='lat' dir='ltr'><em>Mosts</em></span> <span class='ocrx_word' id='word_1_26' title='bbox 1673 916 1790 994; x_wconf 83' lang='lat' dir='ltr'><em>Genes.</em></span> <span class='ocrx_word' id='word_1_27' title='bbox 1812 921 1900 1026; x_wconf 84' lang='lat' dir='ltr'><em>Cap.</em></span> <span class='ocrx_word' id='word_1_28' title='bbox 1920 921 1961 996; x_wconf 85' lang='grc'><em>1.·</em></span> 
     </span>
     <span class='ocr_line' id='line_1_4' title="bbox 360 1058 1961 1167; baseline 0.01 -35"><span class='ocrx_word' id='word_1_29' title='bbox 360 1062 395 1132; x_wconf 91' lang='lat' dir='ltr'><em>in</em></span> <span class='ocrx_word' id='word_1_30' title='bbox 417 1060 582 1165; x_wconf 79' lang='lat' dir='ltr'><em>principio</em></span> <span class='ocrx_word' id='word_1_31' title='bbox 605 1059 725 1132; x_wconf 86' lang='lat' dir='ltr'><em>creavit</em></span> <span class='ocrx_word' id='word_1_32' title='bbox 742 1058 840 1134; x_wconf 86' lang='lat' dir='ltr'><em>Deus</em></span> <span class='ocrx_word' id='word_1_33' title='bbox 861 1059 1004 1153; x_wconf 83' lang='lat' dir='ltr'><em>coetum,</em></span> <span class='ocrx_word' id='word_1_34' title='bbox 1031 1069 1061 1134; x_wconf 89' lang='lat' dir='ltr'><em>et</em></span> <span class='ocrx_word' id='word_1_35' title='bbox 1084 1069 1206 1136; x_wconf 60' lang='lat' dir='ltr'><em>&amp;mom</em></span> <span class='ocrx_word' id='word_1_36' title='bbox 1227 1072 1285 1140; x_wconf 89' lang='lat' dir='ltr'><em>etc.</em></span> <span class='ocrx_word' id='word_1_37' title='bbox 1307 1073 1417 1157; x_wconf 87' lang='lat' dir='ltr'><em>etea,</em></span> <span class='ocrx_word' id='word_1_38' title='bbox 1442 1065 1482 1138; x_wconf 82' lang='lat' dir='ltr'><em>de</em></span> <span class='ocrx_word' id='word_1_39' title='bbox 1503 1066 1619 1167; x_wconf 69' lang='lat' dir='ltr'><em>quibus</em></span> <span class='ocrx_word' id='word_1_40' title='bbox 1643 1068 1780 1145; x_wconf 76' lang='lat' dir='ltr'><em>habetor</em></span> <span class='ocrx_word' id='word_1_41' title='bbox 1806 1073 1840 1145; x_wconf 89' lang='lat' dir='ltr'><em>in</em></span> <span class='ocrx_word' id='word_1_42' title='bbox 1864 1073 1961 1148; x_wconf 85' lang='lat' dir='ltr'><em>Pen-</em></span> 
     </span>
     <span class='ocr_line' id='line_1_5' title="bbox 361 1212 1956 1320; baseline 0.011 -32"><span class='ocrx_word' id='word_1_43' title='bbox 361 1215 528 1306; x_wconf 81' lang='lat' dir='ltr'><em>ntmcto,</em></span> <span class='ocrx_word' id='word_1_44' title='bbox 556 1214 589 1287; x_wconf 89' lang='lat' dir='ltr'><em>in</em></span> <span class='ocrx_word' id='word_1_45' title='bbox 617 1212 669 1288; x_wconf 86' lang='lat' dir='ltr'><em>tib.</em></span> <span class='ocrx_word' id='word_1_46' title='bbox 694 1237 831 1302; x_wconf 77' lang='lat' dir='ltr'><em>soson,</em></span> <span class='ocrx_word' id='word_1_47' title='bbox 859 1221 890 1286; x_wconf 87' lang='lat' dir='ltr'><em>ct</em></span> <span class='ocrx_word' id='word_1_48' title='bbox 918 1239 1116 1310; x_wconf 75' lang='lat' dir='ltr'><em>numatam,</em></span> <span class='ocrx_word' id='word_1_49' title='bbox 1140 1225 1170 1291; x_wconf 89' lang='lat' dir='ltr'><em>et</em></span> <span class='ocrx_word' id='word_1_50' title='bbox 1194 1243 1324 1312; x_wconf 71' lang='lat' dir='ltr'><em>nunna,</em></span> <span class='ocrx_word' id='word_1_51' title='bbox 1349 1245 1513 1315; x_wconf 71' lang='lat' dir='ltr'><em>anonas,</em></span> <span class='ocrx_word' id='word_1_52' title='bbox 1537 1231 1568 1296; x_wconf 88' lang='lat' dir='ltr'><em>et</em></span> <span class='ocrx_word' id='word_1_53' title='bbox 1590 1245 1956 1320; x_wconf 68' lang='lat' dir='ltr'><em>nonnosoomnnon,</em></span> 
     </span>
     <span class='ocr_line' id='line_1_6' title="bbox 361 1364 1957 1476; baseline 0.011 -34"><span class='ocrx_word' id='word_1_54' title='bbox 361 1370 494 1444; x_wconf 79' lang='lat' dir='ltr'><em>credunt</em></span> <span class='ocrx_word' id='word_1_55' title='bbox 515 1368 557 1442; x_wconf 84' lang='lat' dir='ltr'><em>ab</em></span> <span class='ocrx_word' id='word_1_56' title='bbox 586 1393 623 1441; x_wconf 91' lang='lat' dir='ltr'><em>eo</em></span> <span class='ocrx_word' id='word_1_57' title='bbox 645 1366 753 1457; x_wconf 82' lang='lat' dir='ltr'><em>dicta,</em></span> <span class='ocrx_word' id='word_1_58' title='bbox 781 1364 927 1465; x_wconf 85' lang='lat' dir='ltr'><em>etsaota</em></span> <span class='ocrx_word' id='word_1_59' title='bbox 942 1366 1062 1466; x_wconf 78' lang='lat' dir='ltr'><em>fnisse.</em></span> <span class='ocrx_word' id='word_1_60' title='bbox 1112 1370 1274 1476; x_wconf 74' lang='lat' dir='ltr'><em>Exceptis</em></span> <span class='ocrx_word' id='word_1_61' title='bbox 1303 1375 1466 1450; x_wconf 76' lang='lat' dir='ltr'><em>sexdecim</em></span> <span class='ocrx_word' id='word_1_62' title='bbox 1497 1402 1739 1472; x_wconf 72' lang='lat' dir='ltr'><em>mommo,</em></span> <span class='ocrx_word' id='word_1_63' title='bbox 1774 1391 1957 1460; x_wconf 52' lang='lat' dir='ltr'><em>assisa</em></span> 
     </span>
     <span class='ocr_line' id='line_1_7' title="bbox 361 1519 1954 1630; baseline 0.006 -30"><span class='ocrx_word' id='word_1_64' title='bbox 361 1549 451 1617; x_wconf 76' lang='lat' dir='ltr'><em>ms,</em></span> <span class='ocrx_word' id='word_1_65' title='bbox 476 1522 666 1623; x_wconf 80' lang='lat' dir='ltr'><em>etqninqne</em></span> <span class='ocrx_word' id='word_1_66' title='bbox 684 1519 773 1593; x_wconf 83' lang='lat' dir='ltr'><em>libris</em></span> <span class='ocrx_word' id='word_1_67' title='bbox 791 1533 1033 1615; x_wconf 69' lang='lat' dir='ltr'><em>sommoms,</em></span> <span class='ocrx_word' id='word_1_68' title='bbox 1052 1533 1153 1599; x_wconf 89' lang='lat' dir='ltr'><em>totam</em></span> <span class='ocrx_word' id='word_1_69' title='bbox 1173 1528 1370 1630; x_wconf 70' lang='lat' dir='ltr'><strong><em>scripturam</em></strong></span> <span class='ocrx_word' id='word_1_70' title='bbox 1396 1529 1523 1605; x_wconf 85' lang='lat' dir='ltr'><em>Veteris</em></span> <span class='ocrx_word' id='word_1_71' title='bbox 1548 1533 1744 1608; x_wconf 73' lang='lat' dir='ltr'><em>Testamenti</em></span> <span class='ocrx_word' id='word_1_72' title='bbox 1760 1535 1893 1610; x_wconf 77' lang='lat' dir='ltr'><em>eretum</em></span> <span class='ocrx_word' id='word_1_73' title='bbox 1910 1538 1954 1611; x_wconf 83' lang='lat' dir='ltr'><em>ab</em></span> 
     </span>
     <span class='ocr_line' id='line_1_8' title="bbox 359 1677 1953 1795; baseline 0.006 -39"><span class='ocrx_word' id='word_1_74' title='bbox 359 1677 663 1782; x_wconf 65' lang='lat' dir='ltr'><em>commonitam</em></span> <span class='ocrx_word' id='word_1_75' title='bbox 687 1685 792 1750; x_wconf 73' lang='lat' dir='ltr'><em>tantan</em></span> <span class='ocrx_word' id='word_1_76' title='bbox 819 1700 930 1750; x_wconf 83' lang='lat' dir='ltr'><em>eonem</em></span> <span class='ocrx_word' id='word_1_77' title='bbox 954 1702 1022 1753; x_wconf 77' lang='lat' dir='ltr'><em>son</em></span> <span class='ocrx_word' id='word_1_78' title='bbox 1046 1679 1225 1783; x_wconf 84' lang='lat' dir='ltr'><em>recipiunt,</em></span> <span class='ocrx_word' id='word_1_79' title='bbox 1262 1691 1293 1756; x_wconf 88' lang='lat' dir='ltr'><em>et</em></span> <span class='ocrx_word' id='word_1_80' title='bbox 1318 1692 1419 1763; x_wconf 84' lang='lat' dir='ltr'><em>totum</em></span> <span class='ocrx_word' id='word_1_81' title='bbox 1446 1712 1631 1780; x_wconf 69' lang='lat' dir='ltr'><em>nonnoso,</em></span> <span class='ocrx_word' id='word_1_82' title='bbox 1659 1689 1743 1764; x_wconf 84' lang='lat' dir='ltr'><em>sicat</em></span> <span class='ocrx_word' id='word_1_83' title='bbox 1764 1691 1953 1795; x_wconf 84' lang='lat' dir='ltr'><em>praedictos</em></span> 
     </span>
    </p>
   </div>
   <div class='ocr_carea' id='block_1_3' title="bbox 361 1831 1954 1940">
    <p class='ocr_par' dir='ltr' id='par_1_3' title="bbox 361 1831 1954 1940">
     <span class='ocr_line' id='line_1_9' title="bbox 361 1831 1954 1940; baseline 0.009 -33"><span class='ocrx_word' id='word_1_84' title='bbox 361 1836 570 1940; x_wconf 83' lang='lat' dir='ltr'><em>Prophetas,</em></span> <span class='ocrx_word' id='word_1_85' title='bbox 590 1841 620 1906; x_wconf 89' lang='lat' dir='ltr'><em>et</em></span> <span class='ocrx_word' id='word_1_86' title='bbox 642 1832 785 1934; x_wconf 78' lang='lat' dir='ltr'><em>quinque</em></span> <span class='ocrx_word' id='word_1_87' title='bbox 807 1831 905 1930; x_wconf 69' lang='lat' dir='ltr'><em>lateas</em></span> <span class='ocrx_word' id='word_1_88' title='bbox 924 1842 1143 1935; x_wconf 79' lang='lat' dir='ltr'><em>praenotatos.</em></span> <span class='ocrx_word' id='word_1_89' title='bbox 1168 1836 1232 1911; x_wconf 88' lang='lat' dir='ltr'><em>Isti</em></span> <span class='ocrx_word' id='word_1_90' title='bbox 1242 1838 1395 1930; x_wconf 77' lang='lat' dir='ltr'><em>credunt,</em></span> <span class='ocrx_word' id='word_1_91' title='bbox 1417 1842 1554 1916; x_wconf 70' lang='lat' dir='ltr'><em>nisibinis</em></span> <span class='ocrx_word' id='word_1_92' title='bbox 1566 1843 1629 1916; x_wconf 85' lang='lat' dir='ltr'><em>ista</em></span> <span class='ocrx_word' id='word_1_93' title='bbox 1642 1852 1673 1916; x_wconf 89' lang='lat' dir='ltr'><em>et</em></span> <span class='ocrx_word' id='word_1_94' title='bbox 1685 1845 1875 1920; x_wconf 84' lang='lat' dir='ltr'><em>transitoria</em></span> <span class='ocrx_word' id='word_1_95' title='bbox 1888 1872 1954 1921; x_wconf 88' lang='lat' dir='ltr'><em>esse</em></span> 
     </span>
    </p>
   </div>
   <div class='ocr_carea' id='block_1_4' title="bbox 356 1984 2085 2102">
    <p class='ocr_par' dir='ltr' id='par_1_4' title="bbox 356 1984 2085 2102">
     <span class='ocr_line' id='line_1_10' title="bbox 356 1984 2085 2102; baseline 0.006 -36"><span class='ocrx_word' id='word_1_96' title='bbox 356 1992 397 2066; x_wconf 82' lang='lat' dir='ltr'><em>ab</em></span> <span class='ocrx_word' id='word_1_97' title='bbox 425 1992 481 2064; x_wconf 80' lang='lat' dir='ltr'><em>itta</em></span> <span class='ocrx_word' id='word_1_98' title='bbox 499 2015 565 2092; x_wconf 84' lang='lat' dir='ltr'><em>per</em></span> <span class='ocrx_word' id='word_1_99' title='bbox 587 1986 788 2062; x_wconf 81' lang='lat' dir='ltr'><em>creationem.</em></span> <span class='ocrx_word' id='word_1_100' title='bbox 837 1984 877 2058; x_wconf 80' lang='grc' dir='ltr'><em>Ε</em></span> <span class='ocrx_word' id='word_1_101' title='bbox 900 1995 1053 2061; x_wconf 83' lang='lat' dir='ltr'><em>&#39;converso</em></span> <span class='ocrx_word' id='word_1_102' title='bbox 1077 1988 1231 2082; x_wconf 75' lang='lat' dir='ltr'><em>medum,</em></span> <span class='ocrx_word' id='word_1_103' title='bbox 1260 1990 1374 2066; x_wconf 81' lang='lat' dir='ltr'><em>Deum</em></span> <span class='ocrx_word' id='word_1_104' title='bbox 1395 2004 1522 2095; x_wconf 84' lang='lat' dir='ltr'><em>patrem</em></span> <span class='ocrx_word' id='word_1_105' title='bbox 1545 2022 1707 2074; x_wconf 77' lang='lat' dir='ltr'><em>cmus&#39;rt</em></span> <span class='ocrx_word' id='word_1_106' title='bbox 1737 2009 1768 2073; x_wconf 86' lang='lat' dir='ltr'><em>et</em></span> <span class='ocrx_word' id='word_1_107' title='bbox 1786 2001 1954 2102; x_wconf 83' lang='lat' dir='ltr'><em>jastonem</em></span> <span class='ocrx_word' id='word_1_108' title='bbox 2079 2085 2085 2093; x_wconf 51' lang='grc'><em>,</em></span> 
     </span>
    </p>
   </div>
   <div class='ocr_carea' id='block_1_5' title="bbox 360 2120 1954 2259">
    <p class='ocr_par' dir='ltr' id='par_1_5' title="bbox 360 2120 1954 2259">
     <span class='ocr_line' id='line_1_11' title="bbox 360 2120 1954 2259; baseline -0.004 -40"><span class='ocrx_word' id='word_1_109' title='bbox 360 2172 425 2220; x_wconf 89' lang='lat' dir='ltr'><em>esse</em></span> <span class='ocrx_word' id='word_1_110' title='bbox 453 2152 629 2217; x_wconf 83' lang='lat' dir='ltr'><em>creatorem</em></span> <span class='ocrx_word' id='word_1_111' title='bbox 650 2139 907 2244; x_wconf 70' lang='lat' dir='ltr'><em>pannonientnem</em></span> <span class='ocrx_word' id='word_1_112' title='bbox 932 2146 1056 2214; x_wconf 76' lang='lat' dir='ltr'><em>amum</em></span> <span class='ocrx_word' id='word_1_113' title='bbox 1094 2152 1124 2216; x_wconf 85' lang='lat' dir='ltr'><em>et</em></span> <span class='ocrx_word' id='word_1_114' title='bbox 1151 2152 1377 2235; x_wconf 65' lang='lat' dir='ltr'><em>astomorum</em></span> <span class='ocrx_word' id='word_1_115' title='bbox 1411 2158 1441 2222; x_wconf 87' lang='lat' dir='ltr'><em>et</em></span> <span class='ocrx_word' id='word_1_116' title='bbox 1479 2120 1630 2241; x_wconf 73' lang='lat' dir='ltr'><em>medum,</em></span> <span class='ocrx_word' id='word_1_117' title='bbox 1667 2153 1760 2253; x_wconf 79' lang='lat' dir='ltr'><em>qnod</em></span> <span class='ocrx_word' id='word_1_118' title='bbox 1792 2156 1860 2259; x_wconf 60' lang='lat' dir='ltr'><em>ipse</em></span> <span class='ocrx_word' id='word_1_119' title='bbox 1887 2157 1954 2230; x_wconf 64' lang='lat' dir='ltr'><strong><em>alia</em></strong></span> 
     </span>
    </p>
   </div>
   <div class='ocr_carea' id='block_1_6' title="bbox 245 2290 1955 2713">
    <p class='ocr_par' dir='ltr' id='par_1_6' title="bbox 245 2290 1955 2713">
     <span class='ocr_line' id='line_1_12' title="bbox 245 2290 1955 2399; baseline -0.008 -7"><span class='ocrx_word' id='word_1_120' title='bbox 245 2302 248 2308; x_wconf 38' lang='lat'><em>¹</em></span> <span class='ocrx_word' id='word_1_121' title='bbox 357 2326 418 2373; x_wconf 73' lang='lat'><em>⁸²¹⁰</em></span> <span class='ocrx_word' id='word_1_122' title='bbox 446 2305 589 2399; x_wconf 58' lang='lat' dir='ltr'><em>qualum</em></span> <span class='ocrx_word' id='word_1_123' title='bbox 615 2294 765 2368; x_wconf 56' lang='lat' dir='ltr'><em>elementa</em></span> <span class='ocrx_word' id='word_1_124' title='bbox 792 2293 971 2383; x_wconf 55' lang='grc' dir='ltr'><em>ΝΜ,</em></span> <span class='ocrx_word' id='word_1_125' title='bbox 1008 2299 1039 2363; x_wconf 67' lang='lat'><em>⁶¹</em></span> <span class='ocrx_word' id='word_1_126' title='bbox 1066 2290 1194 2383; x_wconf 52' lang='lat' dir='ltr'><em>Omnia&gt;</em></span> <span class='ocrx_word' id='word_1_127' title='bbox 1223 2319 1308 2393; x_wconf 65' lang='lat' dir='ltr'><em>quat</em></span> <span class='ocrx_word' id='word_1_128' title='bbox 1337 2295 1371 2367; x_wconf 74' lang='lat' dir='ltr'><em>in</em></span> <span class='ocrx_word' id='word_1_129' title='bbox 1399 2296 1443 2369; x_wconf 67' lang='lat' dir='ltr'><em>eit</em></span> <span class='ocrx_word' id='word_1_130' title='bbox 1476 2306 1575 2390; x_wconf 83' lang='lat' dir='ltr'><em>sant,</em></span> <span class='ocrx_word' id='word_1_131' title='bbox 1601 2307 1631 2372; x_wconf 89' lang='lat' dir='ltr'><em>et</em></span> <span class='ocrx_word' id='word_1_132' title='bbox 1654 2324 1730 2375; x_wconf 88' lang='lat' dir='ltr'><em>snos</em></span> <span class='ocrx_word' id='word_1_133' title='bbox 1755 2301 1895 2392; x_wconf 84' lang='lat' dir='ltr'><em>Coetos;</em></span> <span class='ocrx_word' id='word_1_134' title='bbox 1925 2314 1955 2378; x_wconf 89' lang='lat' dir='ltr'><em>et</em></span> 
     </span>
     <span class='ocr_line' id='line_1_13' title="bbox 357 2447 1954 2556; baseline 0.003 -28"><span class='ocrx_word' id='word_1_135' title='bbox 357 2453 449 2556; x_wconf 80' lang='lat' dir='ltr'><em>quod</em></span> <span class='ocrx_word' id='word_1_136' title='bbox 485 2451 646 2527; x_wconf 76' lang='lat' dir='ltr'><em>amovent</em></span> <span class='ocrx_word' id='word_1_137' title='bbox 676 2450 743 2525; x_wconf 71' lang='lat' dir='ltr'><em>sole</em></span> <span class='ocrx_word' id='word_1_138' title='bbox 773 2449 860 2540; x_wconf 75' lang='lat' dir='ltr'><em>alio,</em></span> <span class='ocrx_word' id='word_1_139' title='bbox 898 2474 999 2549; x_wconf 77' lang='lat' dir='ltr'><em>quam</em></span> <span class='ocrx_word' id='word_1_140' title='bbox 1032 2448 1074 2520; x_wconf 73' lang='lat' dir='ltr'><em>Sit</em></span> <span class='ocrx_word' id='word_1_141' title='bbox 1108 2447 1166 2520; x_wconf 78' lang='lat' dir='ltr'><em>iste</em></span> <span class='ocrx_word' id='word_1_142' title='bbox 1195 2448 1327 2523; x_wconf 65' lang='lat' dir='ltr'><em>omittis</em></span> <span class='ocrx_word' id='word_1_143' title='bbox 1339 2504 1351 2543; x_wconf 86' lang='lat'>‚</span> <span class='ocrx_word' id='word_1_144' title='bbox 1387 2460 1417 2524; x_wconf 79' lang='lat' dir='ltr'><em>et</em></span> <span class='ocrx_word' id='word_1_145' title='bbox 1449 2451 1517 2525; x_wconf 80' lang='lat' dir='ltr'><em>alia</em></span> <span class='ocrx_word' id='word_1_146' title='bbox 1547 2453 1646 2546; x_wconf 80' lang='lat' dir='ltr'><em>tuna,</em></span> <span class='ocrx_word' id='word_1_147' title='bbox 1682 2463 1713 2528; x_wconf 77' lang='lat' dir='ltr'><em>et</em></span> <span class='ocrx_word' id='word_1_148' title='bbox 1744 2456 1817 2530; x_wconf 65' lang='lat' dir='ltr'><em>alies</em></span> <span class='ocrx_word' id='word_1_149' title='bbox 1850 2459 1954 2536; x_wconf 67' lang='lat' dir='ltr'><em>stellis.</em></span> 
     </span>
     <span class='ocr_line' id='line_1_14' title="bbox 356 2594 1955 2713; baseline 0.002 -28"><span class='ocrx_word' id='word_1_150' title='bbox 356 2611 486 2685; x_wconf 85' lang='lat' dir='ltr'><em>Dicunt</em></span> <span class='ocrx_word' id='word_1_151' title='bbox 508 2616 615 2682; x_wconf 87' lang='lat' dir='ltr'><em>antem</em></span> <span class='ocrx_word' id='word_1_152' title='bbox 637 2614 668 2680; x_wconf 86' lang='lat' dir='ltr'><em>et</em></span> <span class='ocrx_word' id='word_1_153' title='bbox 693 2594 847 2696; x_wconf 82' lang='lat' dir='ltr'><em>credunt,</em></span> <span class='ocrx_word' id='word_1_154' title='bbox 874 2602 966 2706; x_wconf 79' lang='lat' dir='ltr'><em>qnod</em></span> <span class='ocrx_word' id='word_1_155' title='bbox 986 2602 1044 2675; x_wconf 78' lang='lat' dir='ltr'><em>iste</em></span> <span class='ocrx_word' id='word_1_156' title='bbox 1066 2600 1164 2676; x_wconf 79' lang='lat' dir='ltr'><em>Deus</em></span> <span class='ocrx_word' id='word_1_157' title='bbox 1187 2612 1317 2679; x_wconf 85' lang='lat' dir='ltr'><em>sanctas</em></span> <span class='ocrx_word' id='word_1_158' title='bbox 1340 2614 1371 2680; x_wconf 87' lang='lat' dir='ltr'><em>et</em></span> <span class='ocrx_word' id='word_1_159' title='bbox 1397 2633 1491 2681; x_wconf 85' lang='lat' dir='ltr'><em>verns</em></span> <span class='ocrx_word' id='word_1_160' title='bbox 1514 2633 1609 2681; x_wconf 85' lang='lat' dir='ltr'><em>suum</em></span> <span class='ocrx_word' id='word_1_161' title='bbox 1628 2611 1788 2713; x_wconf 82' lang='lat' dir='ltr'><em>populum</em></span> <span class='ocrx_word' id='word_1_162' title='bbox 1808 2611 1955 2688; x_wconf 64' lang='lat' dir='ltr'><em>menan</em></span> 
     </span>
    </p>
   </div>
   <div class='ocr_carea' id='block_1_7' title="bbox 296 2757 1954 2864">
    <p class='ocr_par' dir='ltr' id='par_1_7' title="bbox 296 2757 1954 2864">
     <span class='ocr_line' id='line_1_15' title="bbox 296 2757 1954 2864; baseline -0.003 -24"><span class='ocrx_word' id='word_1_163' title='bbox 296 2778 302 2787; x_wconf 84' lang='lat'>&#39;</span> <span class='ocrx_word' id='word_1_164' title='bbox 355 2766 533 2857; x_wconf 76' lang='lat' dir='ltr'><em>costenten,</em></span> <span class='ocrx_word' id='word_1_165' title='bbox 554 2772 750 2840; x_wconf 78' lang='lat' dir='ltr'><em>constantem</em></span> <span class='ocrx_word' id='word_1_166' title='bbox 769 2786 813 2835; x_wconf 78' lang='lat' dir='ltr'><em>en</em></span> <span class='ocrx_word' id='word_1_167' title='bbox 835 2759 938 2833; x_wconf 68' lang='lat' dir='ltr'><em>troitus</em></span> <span class='ocrx_word' id='word_1_168' title='bbox 950 2812 962 2851; x_wconf 88' lang='lat'>‚</span> <span class='ocrx_word' id='word_1_169' title='bbox 985 2757 1102 2831; x_wconf 69' lang='lat' dir='ltr'><em>scitica</em></span> <span class='ocrx_word' id='word_1_170' title='bbox 1127 2782 1282 2862; x_wconf 79' lang='lat' dir='ltr'><em>conpore,</em></span> <span class='ocrx_word' id='word_1_171' title='bbox 1306 2761 1482 2854; x_wconf 86' lang='lat' dir='ltr'><em>etanima,</em></span> <span class='ocrx_word' id='word_1_172' title='bbox 1501 2771 1531 2834; x_wconf 90' lang='lat' dir='ltr'><em>et</em></span> <span class='ocrx_word' id='word_1_173' title='bbox 1549 2763 1676 2864; x_wconf 85' lang='lat' dir='ltr'><em>spirita.</em></span> <span class='ocrx_word' id='word_1_174' title='bbox 1727 2766 1853 2838; x_wconf 81' lang='lat' dir='ltr'><em>Anima</em></span> <span class='ocrx_word' id='word_1_175' title='bbox 1867 2768 1954 2841; x_wconf 81' lang='lat' dir='ltr'><em>intro</em></span> 
     </span>
    </p>
   </div>
   <div class='ocr_carea' id='block_1_8' title="bbox 355 2913 1953 3026">
    <p class='ocr_par' dir='ltr' id='par_1_8' title="bbox 355 2913 1953 3026">
     <span class='ocr_line' id='line_1_16' title="bbox 355 2913 1953 3026; baseline 0.002 -33"><span class='ocrx_word' id='word_1_176' title='bbox 355 2947 475 3023; x_wconf 78' lang='lat' dir='ltr'><em>corpus</em></span> <span class='ocrx_word' id='word_1_177' title='bbox 502 2920 632 3007; x_wconf 79' lang='lat' dir='ltr'><em>existit;</em></span> <span class='ocrx_word' id='word_1_178' title='bbox 656 2918 788 3021; x_wconf 77' lang='lat' dir='ltr'><em>spiritns</em></span> <span class='ocrx_word' id='word_1_179' title='bbox 816 2942 912 3006; x_wconf 87' lang='lat' dir='ltr'><em>vero,</em></span> <span class='ocrx_word' id='word_1_180' title='bbox 942 2913 1002 3014; x_wconf 83' lang='lat' dir='ltr'><em>qni</em></span> <span class='ocrx_word' id='word_1_181' title='bbox 1024 2920 1131 2988; x_wconf 83' lang='lat' dir='ltr'><em>custos</em></span> <span class='ocrx_word' id='word_1_182' title='bbox 1158 2922 1204 2988; x_wconf 85' lang='lat' dir='ltr'><em>est</em></span> <span class='ocrx_word' id='word_1_183' title='bbox 1233 2916 1361 2989; x_wconf 72' lang='lat' dir='ltr'><em>amintae</em></span> <span class='ocrx_word' id='word_1_184' title='bbox 1387 2924 1417 2989; x_wconf 89' lang='lat' dir='ltr'><em>et</em></span> <span class='ocrx_word' id='word_1_185' title='bbox 1442 2924 1550 2991; x_wconf 84' lang='lat' dir='ltr'><em>rector</em></span> <span class='ocrx_word' id='word_1_186' title='bbox 1576 2917 1696 3019; x_wconf 86' lang='lat' dir='ltr'><em>ipsius,</em></span> <span class='ocrx_word' id='word_1_187' title='bbox 1725 2920 1811 2992; x_wconf 89' lang='lat' dir='ltr'><em>intra</em></span> <span class='ocrx_word' id='word_1_188' title='bbox 1832 2946 1953 3026; x_wconf 80' lang='lat' dir='ltr'><em>coepas</em></span> 
     </span>
    </p>
   </div>
   <div class='ocr_carea' id='block_1_9' title="bbox 356 3067 1952 4571">
    <p class='ocr_par' dir='ltr' id='par_1_9' title="bbox 356 3067 1952 4571">
     <span class='ocr_line' id='line_1_17' title="bbox 356 3067 1951 3180; baseline 0.003 -32"><span class='ocrx_word' id='word_1_189' title='bbox 356 3102 422 3150; x_wconf 87' lang='lat' dir='ltr'><em>non</em></span> <span class='ocrx_word' id='word_1_190' title='bbox 444 3082 509 3166; x_wconf 87' lang='lat' dir='ltr'><em>est,</em></span> <span class='ocrx_word' id='word_1_191' title='bbox 545 3081 575 3145; x_wconf 85' lang='lat' dir='ltr'><em>et</em></span> <span class='ocrx_word' id='word_1_192' title='bbox 603 3069 695 3175; x_wconf 80' lang='lat' dir='ltr'><em>qnod</em></span> <span class='ocrx_word' id='word_1_193' title='bbox 716 3094 929 3172; x_wconf 81' lang='lat' dir='ltr'><em>unaquaeqne</em></span> <span class='ocrx_word' id='word_1_194' title='bbox 951 3069 1062 3142; x_wconf 78' lang='lat' dir='ltr'><em>amma</em></span> <span class='ocrx_word' id='word_1_195' title='bbox 1088 3095 1111 3140; x_wconf 91' lang='lat' dir='ltr'><em>a</em></span> <span class='ocrx_word' id='word_1_196' title='bbox 1134 3068 1213 3144; x_wconf 87' lang='lat' dir='ltr'><em>Deo</em></span> <span class='ocrx_word' id='word_1_197' title='bbox 1235 3067 1319 3145; x_wconf 84' lang='lat' dir='ltr'><em>bono</em></span> <span class='ocrx_word' id='word_1_198' title='bbox 1342 3078 1451 3145; x_wconf 84' lang='lat' dir='ltr'><em>creata</em></span> <span class='ocrx_word' id='word_1_199' title='bbox 1473 3073 1651 3177; x_wconf 69' lang='lat' dir='ltr'><em>proprium</em></span> <span class='ocrx_word' id='word_1_200' title='bbox 1682 3073 1775 3148; x_wconf 79' lang='lat' dir='ltr'><em>habet</em></span> <span class='ocrx_word' id='word_1_201' title='bbox 1798 3077 1951 3180; x_wconf 85' lang='lat' dir='ltr'><em>spiritam</em></span> 
     </span>
     <span class='ocr_line' id='line_1_18' title="bbox 356 3223 1952 3327; baseline 0.001 -23"><span class='ocrx_word' id='word_1_202' title='bbox 356 3232 402 3304; x_wconf 75' lang='lat' dir='ltr'><em>oet</em></span> <span class='ocrx_word' id='word_1_203' title='bbox 426 3229 478 3304; x_wconf 88' lang='lat' dir='ltr'><em>sni</em></span> <span class='ocrx_word' id='word_1_204' title='bbox 505 3227 693 3303; x_wconf 66' lang='lat' dir='ltr'><em>custodiam.</em></span> <span class='ocrx_word' id='word_1_205' title='bbox 744 3223 891 3302; x_wconf 83' lang='lat' dir='ltr'><em>Credant</em></span> <span class='ocrx_word' id='word_1_206' title='bbox 914 3227 1029 3317; x_wconf 77' lang='lat' dir='ltr'><em>cicani,</em></span> <span class='ocrx_word' id='word_1_207' title='bbox 1057 3226 1149 3327; x_wconf 83' lang='lat' dir='ltr'><em>qnod</em></span> <span class='ocrx_word' id='word_1_208' title='bbox 1168 3226 1360 3318; x_wconf 75' lang='lat' dir='ltr'><em>Diabolus,</em></span> <span class='ocrx_word' id='word_1_209' title='bbox 1387 3226 1447 3327; x_wconf 82' lang='lat' dir='ltr'><em>qni</em></span> <span class='ocrx_word' id='word_1_210' title='bbox 1472 3235 1502 3301; x_wconf 89' lang='lat' dir='ltr'><em>et</em></span> <span class='ocrx_word' id='word_1_211' title='bbox 1528 3227 1670 3300; x_wconf 74' lang='lat' dir='ltr'><em>satana</em></span> <span class='ocrx_word' id='word_1_212' title='bbox 1695 3228 1834 3322; x_wconf 82' lang='lat' dir='ltr'><em>dicitnr,</em></span> <span class='ocrx_word' id='word_1_213' title='bbox 1865 3233 1952 3307; x_wconf 84' lang='lat' dir='ltr'><em>invi-</em></span> 
     </span>
     <span class='ocr_line' id='line_1_19' title="bbox 357 3379 1952 3482; baseline 0 -23"><span class='ocrx_word' id='word_1_214' title='bbox 357 3386 435 3459; x_wconf 82' lang='lat' dir='ltr'><em>dens</em></span> <span class='ocrx_word' id='word_1_215' title='bbox 460 3383 649 3472; x_wconf 82' lang='lat' dir='ltr'><em>Altissimo‚</em></span> <span class='ocrx_word' id='word_1_216' title='bbox 678 3388 770 3454; x_wconf 81' lang='lat' dir='ltr'><em>cante</em></span> <span class='ocrx_word' id='word_1_217' title='bbox 790 3379 933 3452; x_wconf 54' lang='lat' dir='ltr'><em>&amp;cendit</em></span> <span class='ocrx_word' id='word_1_218' title='bbox 960 3381 993 3453; x_wconf 86' lang='lat' dir='ltr'><em>in</em></span> <span class='ocrx_word' id='word_1_219' title='bbox 1020 3381 1143 3455; x_wconf 81' lang='lat' dir='ltr'><em>coelum</em></span> <span class='ocrx_word' id='word_1_220' title='bbox 1166 3380 1240 3456; x_wconf 90' lang='lat' dir='ltr'><em>Dei</em></span> <span class='ocrx_word' id='word_1_221' title='bbox 1263 3380 1386 3472; x_wconf 89' lang='lat' dir='ltr'><em>sancti,</em></span> <span class='ocrx_word' id='word_1_222' title='bbox 1414 3389 1445 3455; x_wconf 86' lang='lat' dir='ltr'><em>et</em></span> <span class='ocrx_word' id='word_1_223' title='bbox 1472 3379 1517 3454; x_wconf 82' lang='lat' dir='ltr'><em>ibi</em></span> <span class='ocrx_word' id='word_1_224' title='bbox 1539 3381 1699 3482; x_wconf 80' lang='lat' dir='ltr'><em>colloquio</em></span> <span class='ocrx_word' id='word_1_225' title='bbox 1723 3409 1784 3458; x_wconf 85' lang='lat' dir='ltr'><em>sao</em></span> <span class='ocrx_word' id='word_1_226' title='bbox 1798 3385 1952 3482; x_wconf 79' lang='lat' dir='ltr'><em>frande-</em></span> 
     </span>
     <span class='ocr_line' id='line_1_20' title="bbox 360 3532 1950 3645; baseline 0.001 -31"><span class='ocrx_word' id='word_1_227' title='bbox 360 3543 442 3614; x_wconf 80' lang='lat' dir='ltr'><em>lenta</em></span> <span class='ocrx_word' id='word_1_228' title='bbox 465 3536 650 3645; x_wconf 82' lang='lat' dir='ltr'><em>praedictas</em></span> <span class='ocrx_word' id='word_1_229' title='bbox 677 3536 803 3608; x_wconf 69' lang='lat' dir='ltr'><em>annas</em></span> <span class='ocrx_word' id='word_1_230' title='bbox 831 3532 970 3638; x_wconf 80' lang='lat' dir='ltr'><em>decepit,</em></span> <span class='ocrx_word' id='word_1_231' title='bbox 994 3543 1024 3608; x_wconf 89' lang='lat' dir='ltr'><em>et</em></span> <span class='ocrx_word' id='word_1_232' title='bbox 1045 3534 1093 3608; x_wconf 85' lang='lat' dir='ltr'><em>aet</em></span> <span class='ocrx_word' id='word_1_233' title='bbox 1118 3544 1240 3609; x_wconf 86' lang='lat' dir='ltr'><em>terram</em></span> <span class='ocrx_word' id='word_1_234' title='bbox 1268 3536 1381 3628; x_wconf 67' lang='lat' dir='ltr'><em>mean,</em></span> <span class='ocrx_word' id='word_1_235' title='bbox 1406 3544 1437 3610; x_wconf 88' lang='lat' dir='ltr'><em>ct</em></span> <span class='ocrx_word' id='word_1_236' title='bbox 1461 3536 1674 3638; x_wconf 57' lang='lat' dir='ltr'><em>caliginosam</em></span> <span class='ocrx_word' id='word_1_237' title='bbox 1700 3543 1809 3611; x_wconf 55' lang='lat' dir='ltr'><em>amem</em></span> <span class='ocrx_word' id='word_1_238' title='bbox 1834 3541 1950 3633; x_wconf 77' lang='lat' dir='ltr'><em>cinxit,</em></span> 
     </span>
     <span class='ocr_line' id='line_1_21' title="bbox 358 3688 1951 3791; baseline 0 -22"><span class='ocrx_word' id='word_1_239' title='bbox 358 3693 543 3770; x_wconf 73' lang='lat' dir='ltr'><em>accedant</em></span> <span class='ocrx_word' id='word_1_240' title='bbox 565 3719 637 3766; x_wconf 88' lang='lat' dir='ltr'><em>enm</em></span> <span class='ocrx_word' id='word_1_241' title='bbox 658 3690 797 3764; x_wconf 81' lang='lat' dir='ltr'><em>ns‘tlicnm</em></span> <span class='ocrx_word' id='word_1_242' title='bbox 819 3688 997 3791; x_wconf 79' lang='lat' dir='ltr'><em>ins&#39;qns&#39;tatis</em></span> <span class='ocrx_word' id='word_1_243' title='bbox 1019 3691 1088 3764; x_wconf 84' lang='lat' dir='ltr'><em>dici</em></span> <span class='ocrx_word' id='word_1_244' title='bbox 1111 3718 1135 3763; x_wconf 92' lang='lat' dir='ltr'><em>a</em></span> <span class='ocrx_word' id='word_1_245' title='bbox 1159 3690 1309 3766; x_wconf 87' lang='lat' dir='ltr'><em>Domino</em></span> <span class='ocrx_word' id='word_1_246' title='bbox 1336 3713 1426 3766; x_wconf 77' lang='lat' dir='ltr'><em>mo.</em></span> <span class='ocrx_word' id='word_1_247' title='bbox 1455 3691 1566 3764; x_wconf 85' lang='lat' dir='ltr'>XVI:</span> <span class='ocrx_word' id='word_1_248' title='bbox 1596 3693 1642 3766; x_wconf 79' lang='lat'><em>8:</em></span> <span class='ocrx_word' id='word_1_249' title='bbox 1670 3690 1840 3765; x_wconf 75' lang='lat' dir='ltr'><em>Lacedane&#39;t</em></span> <span class='ocrx_word' id='word_1_250' title='bbox 1868 3694 1951 3769; x_wconf 90' lang='lat' dir='ltr'><em>Do·</em></span> 
     </span>
     <span class='ocr_line' id='line_1_22' title="bbox 357 3843 1951 3948; baseline -0.003 -22"><span class='ocrx_word' id='word_1_251' title='bbox 357 3853 462 3926; x_wconf 86' lang='lat' dir='ltr'><em>minus</em></span> <span class='ocrx_word' id='word_1_252' title='bbox 492 3849 634 3923; x_wconf 84' lang='lat' dir='ltr'><em>nitticnm</em></span> <span class='ocrx_word' id='word_1_253' title='bbox 662 3847 849 3948; x_wconf 70' lang='lat' dir='ltr'><em>iniqnitatis.</em></span> <span class='ocrx_word' id='word_1_254' title='bbox 899 3849 994 3921; x_wconf 89' lang='lat' dir='ltr'><em>Tum</em></span> <span class='ocrx_word' id='word_1_255' title='bbox 1020 3848 1105 3921; x_wconf 82' lang='lat' dir='ltr'><em>alios</em></span> <span class='ocrx_word' id='word_1_256' title='bbox 1131 3873 1262 3922; x_wconf 85' lang='lat' dir='ltr'><em>errores</em></span> <span class='ocrx_word' id='word_1_257' title='bbox 1287 3873 1327 3921; x_wconf 85' lang='lat' dir='ltr'><em>ex</em></span> <span class='ocrx_word' id='word_1_258' title='bbox 1356 3859 1509 3923; x_wconf 82' lang='lat' dir='ltr'><em>veterum</em></span> <span class='ocrx_word' id='word_1_259' title='bbox 1543 3843 1818 3920; x_wconf 78' lang='lat' dir='ltr'><em>Mmietaeomm</em></span> <span class='ocrx_word' id='word_1_260' title='bbox 1850 3874 1951 3922; x_wconf 87' lang='lat' dir='ltr'><em>oom-</em></span> 
     </span>
     <span class='ocr_line' id='line_1_23' title="bbox 359 3997 1950 4104; baseline -0.003 -23"><span class='ocrx_word' id='word_1_261' title='bbox 359 4008 481 4081; x_wconf 84' lang='lat' dir='ltr'><em>mentis</em></span> <span class='ocrx_word' id='word_1_262' title='bbox 505 4005 614 4104; x_wconf 83' lang='lat' dir='ltr'><em>magis</em></span> <span class='ocrx_word' id='word_1_263' title='bbox 636 4003 791 4078; x_wconf 84' lang='lat' dir='ltr'><em>minusve</em></span> <span class='ocrx_word' id='word_1_264' title='bbox 814 4001 983 4101; x_wconf 78' lang='lat' dir='ltr'><em>profectos</em></span> <span class='ocrx_word' id='word_1_265' title='bbox 1007 4004 1048 4075; x_wconf 90' lang='lat' dir='ltr'><em>iis</em></span> <span class='ocrx_word' id='word_1_266' title='bbox 1073 4003 1217 4101; x_wconf 87' lang='lat' dir='ltr'><em>objicit,</em></span> <span class='ocrx_word' id='word_1_267' title='bbox 1253 4027 1360 4102; x_wconf 86' lang='lat' dir='ltr'><em>usque</em></span> <span class='ocrx_word' id='word_1_268' title='bbox 1387 4000 1468 4073; x_wconf 91' lang='lat' dir='ltr'><em>dum</em></span> <span class='ocrx_word' id='word_1_269' title='bbox 1491 3997 1534 4071; x_wconf 86' lang='lat' dir='ltr'><em>nd</em></span> <span class='ocrx_word' id='word_1_270' title='bbox 1558 3999 1701 4072; x_wconf 79' lang='lat' dir='ltr'><em>alterum</em></span> <span class='ocrx_word' id='word_1_271' title='bbox 1727 4000 1950 4076; x_wconf 77' lang='lat' dir='ltr'><em>Catkaronem</em></span> 
     </span>
     <span class='ocr_line' id='line_1_24' title="bbox 359 4151 1948 4263; baseline -0.004 -27"><span class='ocrx_word' id='word_1_272' title='bbox 359 4175 489 4263; x_wconf 82' lang='lat' dir='ltr'><em>partem</em></span> <span class='ocrx_word' id='word_1_273' title='bbox 517 4158 766 4261; x_wconf 79' lang='lat' dir='ltr'><em>progoedintur.</em></span> <span class='ocrx_word' id='word_1_274' title='bbox 815 4155 919 4249; x_wconf 89' lang='lat' dir='ltr'><em>Quod</em></span> <span class='ocrx_word' id='word_1_275' title='bbox 945 4157 998 4230; x_wconf 86' lang='lat' dir='ltr'><em>his</em></span> <span class='ocrx_word' id='word_1_276' title='bbox 1025 4157 1105 4230; x_wconf 81' lang='lat' dir='ltr'><em>facit</em></span> <span class='ocrx_word' id='word_1_277' title='bbox 1132 4157 1265 4233; x_wconf 84' lang='lat' dir='ltr'><em>verbis:</em></span> <span class='ocrx_word' id='word_1_278' title='bbox 1292 4155 1358 4228; x_wconf 78' lang='lat' dir='ltr'><em>En</em></span> <span class='ocrx_word' id='word_1_279' title='bbox 1375 4161 1473 4257; x_wconf 81' lang='lat' dir='ltr'><em>parte</em></span> <span class='ocrx_word' id='word_1_280' title='bbox 1500 4151 1569 4223; x_wconf 82' lang='lat' dir='ltr'><em>nc&#39;sa</em></span> <span class='ocrx_word' id='word_1_281' title='bbox 1596 4160 1642 4224; x_wconf 82' lang='lat' dir='ltr'><em>est</em></span> <span class='ocrx_word' id='word_1_282' title='bbox 1674 4153 1784 4256; x_wconf 76' lang='lat' dir='ltr'><em>opinio</em></span> <span class='ocrx_word' id='word_1_283' title='bbox 1813 4154 1948 4251; x_wconf 80' lang='lat' dir='ltr'><em>nomm,</em></span> 
     </span>
     <span class='ocr_line' id='line_1_25' title="bbox 359 4306 1950 4420; baseline -0.003 -28"><span class='ocrx_word' id='word_1_284' title='bbox 359 4318 417 4418; x_wconf 82' lang='lat' dir='ltr'><em>qai</em></span> <span class='ocrx_word' id='word_1_285' title='bbox 438 4317 504 4390; x_wconf 83' lang='lat' dir='ltr'><em>dno</em></span> <span class='ocrx_word' id='word_1_286' title='bbox 525 4314 693 4420; x_wconf 89' lang='lat' dir='ltr'><em>principia</em></span> <span class='ocrx_word' id='word_1_287' title='bbox 710 4320 859 4417; x_wconf 84' lang='lat' dir='ltr'><em>ponunt:</em></span> <span class='ocrx_word' id='word_1_288' title='bbox 884 4311 942 4385; x_wconf 82' lang='lat' dir='ltr'><em>scd</em></span> <span class='ocrx_word' id='word_1_289' title='bbox 962 4311 1102 4417; x_wconf 83' lang='lat' dir='ltr'><em>amplius</em></span> <span class='ocrx_word' id='word_1_290' title='bbox 1124 4307 1400 4406; x_wconf 79' lang='lat' dir='ltr'><em>mamfcstahitmr,</em></span> <span class='ocrx_word' id='word_1_291' title='bbox 1424 4306 1556 4408; x_wconf 80' lang='lat' dir='ltr'><em>qnando</em></span> <span class='ocrx_word' id='word_1_292' title='bbox 1579 4306 1621 4380; x_wconf 83' lang='lat' dir='ltr'><em>de</em></span> <span class='ocrx_word' id='word_1_293' title='bbox 1644 4307 1781 4408; x_wconf 71' lang='lat' dir='ltr'><em>singalas</em></span> <span class='ocrx_word' id='word_1_294' title='bbox 1806 4313 1950 4388; x_wconf 81' lang='lat' dir='ltr'><em>articnts&#39;s</em></span> 
     </span>
     <span class='ocr_line' id='line_1_26' title="bbox 357 4462 1949 4571; baseline -0.004 -25"><span class='ocrx_word' id='word_1_295' title='bbox 357 4472 574 4547; x_wconf 84' lang='lat' dir='ltr'><em>tractabimus.</em></span> <span class='ocrx_word' id='word_1_296' title='bbox 623 4469 721 4543; x_wconf 91' lang='lat' dir='ltr'><em>Nnnc</em></span> <span class='ocrx_word' id='word_1_297' title='bbox 743 4467 907 4541; x_wconf 79' lang='lat' dir='ltr'><em>videamus</em></span> <span class='ocrx_word' id='word_1_298' title='bbox 930 4492 974 4542; x_wconf 79' lang='lat' dir='ltr'><em>ex</em></span> <span class='ocrx_word' id='word_1_299' title='bbox 989 4474 1088 4571; x_wconf 78' lang='lat' dir='ltr'><em>parte</em></span> <span class='ocrx_word' id='word_1_300' title='bbox 1108 4465 1288 4570; x_wconf 81' lang='lat' dir='ltr'><em>opinionem</em></span> <span class='ocrx_word' id='word_1_301' title='bbox 1307 4488 1440 4555; x_wconf 84' lang='lat' dir='ltr'><em>eornm,</em></span> <span class='ocrx_word' id='word_1_302' title='bbox 1467 4462 1527 4565; x_wconf 83' lang='lat' dir='ltr'><em>qni</em></span> <span class='ocrx_word' id='word_1_303' title='bbox 1551 4490 1651 4537; x_wconf 87' lang='lat' dir='ltr'><em>nnnm</em></span> <span class='ocrx_word' id='word_1_304' title='bbox 1669 4472 1817 4538; x_wconf 83' lang='lat' dir='ltr'><em>asserunt</em></span> <span class='ocrx_word' id='word_1_305' title='bbox 1840 4467 1949 4543; x_wconf 86' lang='lat' dir='ltr'><em>Crea-</em></span> 
     </span>
    </p>
   </div>
   <div class='ocr_carea' id='block_1_10' title="bbox 357 4617 1950 4729">
    <p class='ocr_par' dir='ltr' id='par_1_10' title="bbox 357 4617 1950 4729">
     <span class='ocr_line' id='line_1_27' title="bbox 357 4617 1950 4729; baseline -0.005 -25"><span class='ocrx_word' id='word_1_306' title='bbox 357 4640 467 4706; x_wconf 87' lang='lat' dir='ltr'><em>torem.</em></span> <span class='ocrx_word' id='word_1_307' title='bbox 518 4626 582 4702; x_wconf 87' lang='lat' dir='ltr'><em>Isti</em></span> <span class='ocrx_word' id='word_1_308' title='bbox 606 4625 689 4701; x_wconf 86' lang='lat' dir='ltr'><em>enim</em></span> <span class='ocrx_word' id='word_1_309' title='bbox 715 4650 758 4699; x_wconf 77' lang='lat' dir='ltr'><em>ex</em></span> <span class='ocrx_word' id='word_1_310' title='bbox 788 4633 883 4729; x_wconf 80' lang='lat' dir='ltr'><em>panis</em></span> <span class='ocrx_word' id='word_1_311' title='bbox 915 4621 1104 4699; x_wconf 85' lang='lat' dir='ltr'><em>conveniunt</em></span> <span class='ocrx_word' id='word_1_312' title='bbox 1131 4648 1205 4697; x_wconf 81' lang='lat' dir='ltr'><em>acm</em></span> <span class='ocrx_word' id='word_1_313' title='bbox 1232 4621 1315 4712; x_wconf 78' lang='lat' dir='ltr'><em>iltis,</em></span> <span class='ocrx_word' id='word_1_314' title='bbox 1346 4627 1377 4694; x_wconf 87' lang='lat' dir='ltr'><em>et</em></span> <span class='ocrx_word' id='word_1_315' title='bbox 1411 4643 1455 4694; x_wconf 86' lang='lat' dir='ltr'><em>ex</em></span> <span class='ocrx_word' id='word_1_316' title='bbox 1481 4626 1580 4723; x_wconf 85' lang='lat' dir='ltr'><em>poste</em></span> <span class='ocrx_word' id='word_1_317' title='bbox 1603 4617 1768 4720; x_wconf 75' lang='lat' dir='ltr'><em>diffament.</em></span> <span class='ocrx_word' id='word_1_318' title='bbox 1818 4618 1861 4693; x_wconf 88' lang='lat' dir='ltr'><em>In</em></span> <span class='ocrx_word' id='word_1_319' title='bbox 1887 4620 1950 4696; x_wconf 79' lang='lat' dir='ltr'><em>noc</em></span> 
     </span>
    </p>
   </div>
   <div class='ocr_carea' id='block_1_11' title="bbox 0 0 2326 6224">
    <p class='ocr_par' dir='ltr' id='par_1_11' title="bbox 0 0 2326 6224">
     <span class='ocr_line' id='line_1_28' title="bbox 0 0 2326 6224; baseline 0 0"><span class='ocrx_word' id='word_1_320' title='bbox 0 0 2326 6224; x_wconf 95' lang='lat' dir='ltr'><em> </em></span> 
     </span>
    </p>
   </div>
  </div>
 </body>
</html>
