4642 6224
1133 457 1189 541 28

1101 751 1217 882 §t

511 1070 740 1154 Variorum
767 1067 1094 1151 Haereticorum
1120 1065 1287 1166 turbae,
1316 1097 1344 1148 u
1376 1066 1617 1170 Veteribus,
1639 1081 1820 1181 praetor

880 1236 1150 1347 albigenses,
1179 1248 1441 1320 memoratae.

407 1543 584 1644 Nusquam
617 1543 651 1614 in
678 1541 775 1613 libris
807 1541 994 1633 Veterum,
1026 1544 1088 1642 qui
1115 1541 1159 1614 ad
1185 1541 1354 1616 Ecclesiae
1382 1540 1570 1614 doctrinam
1598 1539 1840 1615 defendendam
1867 1565 1952 1614 cona

300 1701 303 1706 ’
357 1698 475 1800 scripti
508 1710 602 1788 sunt,
645 1693 836 1796 Altigm
862 1697 1066 1770 nominatim
1095 1695 1309 1769 Voldenssbus
1347 1696 1496 1794 opponi,
1533 1695 1650 1794 ibique
1682 1694 1756 1769 loca
1797 1720 1953 1794 quoque,

357 1853 416 1926 ubi
439 1851 509 1942 illi,
542 1852 680 1922 nomine
710 1874 779 1922 non
807 1875 985 1947 expresso,
1019 1849 1063 1922 ab
1091 1850 1145 1924 his
1172 1849 1444 1950 distinguantur,
1474 1848 1564 1923 haud
1587 1850 1633 1922 ita
1662 1849 1769 1922 multa
1795 1874 1866 1922 csse
1892 1849 1950 1925 vi-

356 2005 492 2079 dimus:
527 2005 584 2076 scd
610 2029 749 2092 eorum,
782 2002 825 2076 ad
855 1977 945 2103 quae
966 2003 1200 2103 perlustranda
1225 2031 1318 2078 nunc
1342 2030 1527 2097 vocamur,
1560 2005 1680 2103 ingens
1708 2016 1816 2077 exstat
1844 2003 1954 2102 copia.

359 2162 452 2232 Loca
476 2156 641 2247 dicimus,
665 2159 700 2230 in
722 2156 847 2258 quibus
869 2160 1044 2235 variorum
1067 2157 1321 2232 Haereticonsm
1344 2158 1464 2233 turbae
1488 2158 1655 2257 gravioris
1673 2157 1819 2246 erroris,
1842 2156 1955 2254 inpri-

358 2315 424 2385 mis
464 2310 716 2387 Mom'ctsueums'
755 2312 810 2388 vel
849 2311 1074 2404 Gnosticisms‘,
1112 2325 1331 2404 accusantur,
1366 2313 1421 2390 vel
1448 2313 1491 2386 nd
1517 2311 1665 2386 fautores
1690 2309 1814 2383 horum
1841 2310 1952 2409 placi-

356 2480 469 2541 torum
501 2467 709 2539 reseruntur:
744 2479 817 2539 tum
842 2493 926 2545 vcro
949 2466 1034 2560 alia,
1070 2493 1155 2566 quac
1185 2467 1363 2540 Votdenses
1391 2469 1434 2540 ab
1460 2465 1646 2540 Hoereticis
1677 2464 1742 2539 illis
1777 2465 1954 2564 perspicue

354 2621 577 2721 distinguunt.
626 2622 716 2695 Cutn
740 2635 853 2695 autem
875 2621 939 2696 hac
968 2621 1183 2695 distinctione
1207 2647 1276 2696 non
1304 2619 1632 2722 comprehendantur
1660 2617 1868 2720 Albs'gessses,
1891 2619 1954 2691 ct-

355 2767 433 2841 dem
467 2769 672 2868 ignominiae
707 2782 788 2841 nota
818 2769 863 2842 ab
900 2770 974 2843 aliis
999 2768 1172 2869 insigniti,
1209 2771 1298 2842 ratio
1326 2771 1374 2843 sic
1402 2765 1628 2843 concludenda
1658 2766 1740 2857 cn't,
1763 2767 1850 2840 inter
1890 2764 1953 2839 hos

356 2924 495 2996 omnino
521 2935 554 2994 et
580 2920 756 2995 Votdcuses
778 2926 947 2998 interesse.
1779 3016 1786 3029 ·

403 3077 560 3150 Primum
582 3076 808 3175 contemplari
824 3090 959 3178 oportet
982 3075 1161 3151 Vosiosum
1179 3077 1433 3153 Haereticorum
1451 3077 1582 3170 tribu,
1599 3103 1622 3149 o
1644 3076 1684 3148 V
1678 3075 1830 3167 dedu,
1850 3100 1954 3176 proe-

355 3239 406 3304 ter
428 3228 638 3331 Albsgeuses,
670 3241 873 3308 memoratus.
924 3234 1028 3327 Quod
1053 3247 1094 3308 ut
1118 3261 1180 3335 per
1206 3261 1242 3309 se
1270 3260 1413 3335 magnae
1438 3235 1541 3307 molis
1564 3257 1650 3332 opus
1670 3246 1740 3323 cst,
1771 3233 1820 3304 ita
1844 3232 1954 3304 mote-

358 3386 440 3458 stius
468 3384 620 3458 redditur
647 3385 921 3479 difficultatibus,
954 3415 1038 3488 quas
1064 3342 1245 3464 hominum
1274 3392 1362 3463 mula
1388 3389 1546 3463 sedulitas
1567 3387 1707 3487 peperit.
1758 3388 1802 3461 In
1834 3385 1951 3459 limine

357 3540 458 3613 nobis
487 3553 670 3614 occurrunt
697 3540 876 3615 Decretum
901 3566 1013 3618 nucu
1020 3595 1032 3636 ,
1061 3557 1094 3616 ct
1124 3543 1318 3619 Constitutio
1345 3568 1583 3634 unannmcl,
1617 3567 1704 3645 quiae
1729 3566 1831 3642 supra
1855 3540 1953 3615 exhi-

359 3693 498 3768 buimus
521 3694 593 3794 (1).
649 3696 787 3772 Accedit
823 3697 995 3773 decretum
1026 3698 1063 3775 S.
1094 3702 1135 3775 P.
1171 3701 1215 3793 Q.
1251 3701 1296 3773 R.
1322 3699 1381 3800 (2)
1421 3698 1482 3772 ubi
1515 3696 1597 3773 hacc
1638 3696 1802 3798 legimus:
1842 3692 1951 3798 Copi-

357 3847 425 3920 tuto
451 3866 682 3924 summm
717 3850 903 3945 Senatorio,
941 3860 971 3925 et
1002 3852 1132 3958 Populi
1160 3853 1308 3927 Romani
1340 3853 1426 3927 edito
1462 3863 1576 3928 contro
1606 3852 1793 3926 Poturcuos
1832 3875 1947 3924 omncs.

358 4001 533 4075 Haeretici
556 4001 590 4074 in
618 4002 712 4095 urbe,
744 4003 887 4079 videlicet
924 4006 1084 4097 Gothori,
1126 4005 1308 4098 Patareui,
1342 4007 1516 4114 Pauperis
1554 4007 1594 4080 de
1630 4007 1821 4108 Lugduuo,
1854 4005 1951 4078 Pos-

358 4157 485 4256 sogini,
513 4157 705 4262 Joseppiui,
732 4160 966 4254 Amolds'stae,
1003 4160 1229 4260 Spuoaistoc,
1263 4161 1378 4234 etalii
1403 4162 1619 4262 cujuscunque
1645 4161 1805 4236 Haeresis
1827 4161 1954 4233 nomiae

384 4540 424 4607 (1)
441 4542 472 4589 ln
490 4543 660 4592 coarctatione.
680 4558 706 4606 p.
728 4543 775 4600 10,
802 4544 842 4593 ll.

386 4630 426 4697 (2)
443 4629 507 4680 vide
524 4629 641 4681 Assotss
658 4631 859 4684 Ecclesiasticus
875 4649 973 4685 oscsru
992 4651 1125 4687 aarum.
1144 4637 1214 4686 Torn.
1233 4637 1303 4687 1111.
1323 4654 1349 4702 p.
1368 4635 1428 4687 tlt.
