4642 6224
1132 457 1189 545 34

364 783 480 835 omnes
497 757 566 831 lere
589 755 754 834 Cotiuros
775 753 984 857 scripserint.
1013 751 1186 829 Nimirum
1207 750 1400 848 Haeretici,
1424 752 1466 827 de
1488 754 1614 856 quibus
1633 780 1724 834 nunc
1745 761 1897 863 agimus,
1920 766 1968 841 ab

364 913 533 991 Ecclesiae
554 911 718 986 doctrinis
745 909 956 1004 recedentes,
979 935 1015 985 se
1042 911 1251 1010 καθαροὺς,
1275 907 1382 983 idest
1406 935 1512 1010 puras
1536 929 1798 1013 nuncuparunt,
1822 920 1966 1022 vestigia

360 1079 533 1169 sequentes
550 1066 812 1144 Novatranonsm
827 1081 861 1143 et
880 1067 1154 1145 Manichaeorum
1172 1079 1322 1146 vetustae
1342 1067 1543 1159 memoriae,
1564 1070 1624 1168 qui
1644 1069 1858 1171 splendidum
1873 1071 1969 1150 bunc

361 1223 471 1298 tulum
507 1227 714 1323 jactaverant
746 1222 818 1324 (l).
868 1225 950 1300 Jam
984 1223 1138 1324 primum
1172 1178 1239 1298 boc
1271 1247 1396 1297 nomen
1433 1223 1471 1295 io
1508 1223 1689 1297 Germania
1725 1225 1878 1303 auditum
1912 1245 1967 1304 est

359 1379 475 1481 ibique
503 1378 562 1452 diu
585 1380 757 1457 remansit.
805 1379 936 1456 Deinde
958 1406 1040 1459 sero
1054 1378 1097 1454 ad
1118 1378 1202 1453 alias
1226 1378 1378 1481 regiones
1407 1381 1602 1457 Occidentis
1631 1385 1785 1478 transiit,
1808 1385 1965 1479 Italiam,

359 1558 498 1634 nempe,
518 1547 552 1607 et
570 1532 769 1609 Flandriam
780 1560 795 1622 ;
819 1548 858 1609 ut
875 1535 953 1610 inde
973 1534 1194 1635 intelligimus
1205 1587 1216 1625 ,
1240 1534 1336 1636 quod
1354 1534 1481 1611 borum
1507 1536 1662 1612 locorum
1690 1542 1872 1642 scriptores
1898 1569 1941 1618 eo
1952 1598 1965 1635 ,

358 1703 391 1766 et
418 1690 573 1765 nonnulli
603 1691 740 1790 quidem
748 1744 761 1787 ,
790 1703 1238 1784 utauanos,nron1rra‚
1261 1716 1304 1765 eo
1326 1692 1402 1766 solo
1424 1693 1477 1766 usi
1500 1707 1589 1772 sunt
1620 1697 1700 1771 Non
1725 1698 1834 1771 ausim
1857 1699 1967 1800 igitur

359 1847 509 1922 assentiri
532 1872 750 1924 crasannno
774 1845 834 1948 (2)
858 1850 1029 1939 monenti,
1054 1850 1170 1949 quiin
1197 1848 1377 1923 Garnaania
1402 1850 1778 1944 enuntiarentur,
1802 1853 1837 1927 in
1861 1853 1965 1927 Italia

357 2003 461 2103 vulgo
487 2001 684 2096 Patauinae,
709 2003 745 2076 in
774 2001 886 2076 Gallias
913 2001 1117 2078 Publicanos
1139 2004 1248 2078 dictos
1274 2031 1356 2081 esse.
1406 2007 1483 2079 Hoc
1509 2006 1582 2077 lieri
1608 2006 1741 2103 potuit,
1766 2020 1808 2080 ut·
1831 2007 1965 2083 Callia-

360 2183 473 2231 rornm
491 2156 690 2257 appellatio,
716 2183 796 2233 cum
820 2185 991 2235 sermones
1011 2186 1090 2235 suos
1113 2161 1250 2236 baberet
1267 2183 1512 2250 seruandus,
1536 2159 1619 2232 fines
1643 2160 1846 2234 Germaniae
1869 2186 1968 2235 nou-

355 2312 438 2387 dum
465 2327 662 2414 superasset.

406 2469 520 2542 Variis
555 2470 754 2544 nominibus
793 2470 938 2546 Cntbari
971 2472 1052 2548 dicti
1087 2487 1186 2569 sunt,
1212 2475 1270 2549 sed
1292 2500 1401 2578 pauca
1425 2466 1558 2546 tantum
1586 2495 1707 2545 eorum
1733 2472 1881 2573 tempori
1903 2488 1963 2547 aut

357 2628 435 2702 loco
464 2628 598 2703 cuidam
631 2629 677 2702 ita
714 2627 954 2722 adhaeserunt,
982 2643 1028 2704 ut
1061 2633 1237 2734 utriusque
1271 2643 1446 2706 manerent
1472 2628 1622 2729 propria.
1671 2629 1958 2728 Antiquissimum

356 2799 431 2878 est,
467 2785 561 2888 quod
590 2810 670 2886 pars
699 2810 817 2859 eorum
846 2786 969 2886 gessit,
993 2785 1294 2876 Paniictanonam5
1318 2816 1344 2861 a·
1365 2785 1479 2860 seculo
1508 2787 1581 2858 Vll
1607 2786 1679 2883 jam
1699 2783 1832 2856 Orienti
1852 2783 1963 2856 usita-

358 2957 452 3033 tum,
485 2955 519 3015 ct
552 2941 630 3039 hinc
662 2938 699 3014 in
726 2938 880 3035 Italian,
907 2941 1058 3015 Galliam·
1074 2944 1223 3044 aliasque
1241 2943 1401 3043 'regiones
1431 2938 1626 3014 Occidentis
1657 2940 1768 3013 seculo
1793 2941 1850 3014 XI
1873 2963 1963 3042 pro-

358 3109 537 3197 pagatum.
584 3096 677 3189 Quid
706 3109 834 3173 veteres
859 3097 902 3174 dc
925 3098 1143 3200 opinionibus
1169 3125 1288 3174 eorum
1313 3096 1535 3187 tradiderint,
1558 3094 1760 3196 disputatur.
1812 3091 1879 3168 Sed
1900 3119 1965 3170 ex·

275 3224 280 3233 ι
359 3266 411 3327 tra
436 3250 704 3345 controversiam
727 3255 878 3354 positum
904 3250 976 3332 esse
1002 3254 1155 3349 videtur,
1178 3255 1302 3355 placita
1326 3254 1367 3327 iis
1389 3253 1517 3327 tributa
1541 3277 1612 3326 csse
1633 3276 1676 3325 cx
1698 3248 1960 3325 Manicbansrno

359 3408 637 3499 ethasticisma
656 3411 841 3484 commixta
860 3411 932 3511 (3).
956 3414 1221 3487 Frenanrconr
1242 3414 1515 3512 Imperatorem,
1539 3408 1636 3506 cujus
1657 3407 1694 3478 in
1725 3404 1963 3481 Constitutione

359 3566 450 3641 nulla
492 3589 613 3639 eorum
652 3567 692 3638 fit
732 3567 881 3661 mentio,
913 3591 974 3644 eos
997 3567 1032 3639 in
1067 3568 1166 3639 terris
1184 3567 1266 3642 sibi
1304 3565 1464 3665 subjectis
1501 3588 1572 3637 noo
1609 3561 1756 3662 amplius
1792 3563 1960 3640 invenisse

387 3962 428 4030 (l)
444 3961 501 4014 vid.
520 3974 636 4010 -osmrrs
657 3959 678 4011 l.
701 3975 724 4010 c.
741 3975 772 4025 p.
794 3958 847 4012 272
865 3977 923 4026 sqq.
945 3967 973 4012 et
995 3963 1030 4014 ci.
1046 3978 1169 4013 ssssssrr
1186 3962 1315 4013 adaman
1331 3959 1496 4012 Simonianae
1510 3958 1573 4010 liber
1597 3959 1619 4011 1.
1643 3959 1669 4008 ln
1688 3973 1803 4008 :aaran
1823 3961 1966 4009 sisausa

449 4052 643 4102 Anscdataruns
663 4051 733 4104 Tora.
754 4052 786 4103 V.
806 4068 833 4119 p.
854 4050 907 4103 638
926 4067 983 4117 sqq.
1002 4053 1047 4102 ubi
1065 4053 1202 4113 docemur,
1222 4053 1310 4103 maula
1329 4053 1375 4104 11.
1396 4052 1500 4101 titulum
1522 4052 1550 4100 in
1571 4050 1683 4101 Ecclesia
1698 4049 1751 4114 ipss
1769 4047 1899 4099 Catholica
1913 4063 1965 4098 nan

448 4143 606 4208 incognitum
623 4142 636 4190 l
653 4143 711 4193 isse.
1236 4150 1241 4165 ³

384 4237 427 4302 (2)
446 4235 477 4285 l.
496 4248 519 4285 c.
539 4251 564 4299 p.
583 4233 651 4294 528,
670 4233 732 4284 629.

386 4328 427 4393 (3)
444 4327 491 4377 cll.
510 4334 614 4375 sessis.
634 4340 660 4389 p.
680 4323 741 4376 486.
778 4325 926 4376 θοιιοιοιι.
945 4324 965 4375 i.
986 4341 1010 4377 a.
1031 4324 1100 4377 Tam.
1121 4324 1174 4376 XX.
1193 4341 1219 4390 p.
1237 4324 1299 4376 369.
1318 4320 1413 4373 xant.
1433 4338 1459 4386 p.
1478 4320 1531 4370 348
1548 4335 1605 4384 sqq.
1642 4320 1756 4370 damu
1773 4319 1792 4370 l.
1813 4334 1836 4369 a.
1855 4330 1881 4383 p.
1899 4317 1961 4367 385.

449 4419 477 4466 et
494 4416 595 4463 omnino
615 4430 749 4475 sassones,
773 4414 797 4462 Τ
796 4416 828 4464 bs
844 4415 954 4480 flietorp
975 4417 1008 4482 of
1023 4417 1068 4466 tiss
1084 4418 1187 4467 desiisss
1204 4418 1260 4466 aad
1280 4414 1339 4464 rats
1357 4415 1390 4479 of
1402 4414 1446 4462 tlrs
1464 4413 1567 4462 Roman
1585 4411 1696 4475 Empirs
1712 4413 1771 4475 Cap.
1791 4408 1835 4461 bd.
1848 4409 1916 4460 Tora.
1928 4408 1958 4457 X.

447 4522 474 4572 p.
492 4504 542 4552 152
560 4520 617 4567 sqq.
638 4505 679 4557 ed.
699 4505 764 4570 lips.
783 4521 865 4569 quem·
878 4507 960 4555 sirum
978 4506 1149 4572 disputatione
1171 4523 1216 4556 sus
1235 4506 1267 4555 de
1284 4505 1457 4556 Paeliciasrs's
1474 4508 1593 4555 accurate
1611 4504 1753 4567 conscripta
1772 4501 1881 4551 multam
1898 4501 1962 4548 luris

447 4594 563 4644 attulisse
584 4597 611 4642 et
636 4594 708 4652 aliis,
734 4595 779 4658 qui
805 4595 854 4644 hae
879 4595 911 4653 da
928 4600 998 4646 secta
1017 4597 1181 4647 commentati
1199 4600 1274 4657 sont,
1295 4596 1401 4661 palmam
1418 4595 1584 4661 praeripuisse
1603 4596 1691 4645 monet
1710 4607 1822 4653 sarran,
1847 4589 1916 4639 l’s'ssr
1935 4591 1967 4655 ss

448 4685 492 4735 sis
511 4684 586 4734 State
603 4685 636 4750 af
649 4683 755 4751 Europa
772 4686 871 4752 during
890 4687 933 4738 tiss
950 4688 1048 4738 sriddie
1065 4702 1135 4753 apes.
1154 4686 1211 4743 tot
1230 4687 1279 4738 111.
1299 4703 1326 4754 p.
1345 4686 1406 4740 46³.
1426 4685 1467 4739 ed.
1485 4685 1513 4736 2.
1567 4678 1572 4682 ⁴
