4642 6224
786 398 1084 539 7o

254 766 324 830 tenr
354 752 437 828 boec
467 747 622 825 confusio
654 744 862 822 Auitoorttm
895 767 974 818 cum
1007 741 1216 820 Mooioboeis
1248 743 1303 822 rel
1332 745 1494 820 ersttm
1519 749 1657 828 Veteres
1682 768 1778 831 ceute
1801 751 1854 831 ie-

254 911 382 1013 gendos
405 933 477 984 esse
497 906 621 1000 dooet3
646 903 695 978 sio
722 900 787 976 olio
814 900 926 977 enutio
948 898 1136 974 odhibmdn
1160 911 1231 991 est,
1257 924 1301 975 ne
1327 925 1453 975 nomeu
1474 900 1541 976 lori
1565 930 1632 1006 pro
1656 921 1762 984 sectae
1785 933 1853 985 no-

255 1067 348 1140 mine
379 1064 576 1165 accipietur.
625 1060 741 1154 Quam
773 1059 910 1159 culpem
939 1082 1060 1134 vereor
1079 1081 1123 1129 ne
1145 1057 1223 1155 quis
1246 1056 1314 1131 sibi
1337 1056 1534 1150 contrabat,
1559 1062 1588 1133 si
1616 1060 1658 1135 de
1683 1082 1776 1138 tren
1799 1090 1856 1140 se·-

254 1220 442 1296 otutoribus
468 1219 707 1317 interpretetur
730 1211 823 1313 quod
849 1213 952 1288 behet
969 1235 1119 1289 rursus
1143 1211 1355 1288 Monachus:
1378 1212 1493 1288 Pueri
1515 1215 1679 1293 Catholici
1697 1218 1855 1316 bfitu'tom

253 1377 478 1452 Antenorem
503 1370 738 1447 ombibtdioem
764 1368 962 1469 effrtqomnt.
1013 1368 1080 1444 Hic
1102 1369 1194 1443 enim
1216 1368 1373 1445 homines
1400 1370 1554 1447 denotari
1580 1373 1769 1469 videntur,
1792 1379 1853 1479 qui

252 1518 353 1609 erii
384 1541 563 1606 tenuerunt
602 1527 782 1618 Castrum,
820 1524 864 1599 de
898 1551 970 1627 quo
993 1538 1028 1599 et
1052 1526 1126 1624 ipse
1151 1550 1299 1602 rennos
1327 1527 1481 1626 superius
1513 1541 1548 1601 et
1576 1530 1664 1604 infra
1693 1533 1852 1633 scripsit,

250 1702 285 1762 et
320 1686 379 1759 olii
411 1685 513 1758 nobis
548 1683 657 1757 multo
681 1691 864 1754 narrarunt
888 1681 959 1780 (l).
1010 1680 1187 1780 Quidquid
1214 1681 1316 1781 hujus
1340 1682 1389 1755 rei
1413 1696 1484 1774 est,
1508 1683 1642 1757 silentio
1669 1688 1854 1787 praeterire

252 1869 319 1919 non
353 1865 535 1942 possumus
563 1837 667 1917 verbu
701 1835 843 1912 Couctii
863 1835 1115 1928 Avereiooensie,
1143 1836 1237 1935 quod
1256 1862 1346 1910 enno
1369 1838 1528 1915 mcclx
1554 1839 1761 1917 celebratum
1783 1857 1854 1919 est:

169 1972 178 1987 ’
251 1999 286 2070 in
310 1996 361 2070 iris
379 1993 532 2096 partibus
556 1993 701 2066 driersoe
724 2015 766 2062 ae
788 1989 1049 2063 dammtbsimae
1071 1987 1238 2064 Haereses
1255 1991 1461 2094 pullularunt
1483 1993 1556 2095 (2).
1605 1995 1673 2070 Sed
1698 1999 1854 2098 pluribus

251 2175 322 2223 non
353 2175 441 2251 opus
472 2159 523 2222 est
554 2145 778 2238 testimoniis,
811 2158 850 2217 ut
885 2145 1049 2219 efficietur
1065 2198 1076 2237 ,
1093 2140 1283 2225 'veriorum
1315 2162 1483 2224 motarum
1512 2150 1614 2227 fuisse
1636 2152 1858 2249 Haeretioos,

252 2307 312 2406 qur
337 2303 530 2406 Artem
551 2272 744 2376 uanior
768 2299 840 2401 (3).

996 2485 1028 2616 ξ
1062 2493 1112 2588 6.

335 2778 658 2864 Familiaritote
685 2775 844 2886 majori
873 2802 966 2855 eum
994 2771 1243 2855 Hoeretiois
1274 2770 1445 2858 Galliae
1471 2781 1776 2865 meridionalis

440 2990 442 2995 ·
477 2956 713 3046 eontracta,
743 2941 992 3052 Albigenses
1020 2942 1240 3053 imprimis
1266 2942 1375 3024 dieti
1401 2957 1517 3049 sont,
1547 2950 1624 3058 qui

644 3111 927 3198 Cotbororum
948 3110 1119 3222 placita
1146 3109 1433 3223 sequebantur.

300 3381 560 3484 Expeditionem
586 3381 622 3453 in
649 3378 848 3453 Haeretioos
876 3375 1005 3451 Golbbe
1038 3375 1290 3467 meridionalis,
1325 3388 1497 3478 quotquot
1521 3403 1556 3452 se
1588 3379 1757 3456 Eoolesiae
1783 3408 1856 3486 op-

252 3551 436 3641 ponerent,
459 3548 648 3636 susoeptum
673 3559 745 3608 esse
767 3533 929 3611 vidimus.
977 3532 1044 3609 Sed
1069 3546 1198 3634 quanto
1222 3532 1334 3632 magis
1355 3532 1407 3606 illi
1429 3532 1594 3609 militibus
1615 3563 1715 3612 cruoe
1738 3540 1853 3638 signe·

251 3696 295 3778 tis¹
320 3691 593 3782 innotescebant,
625 3701 721 3763 tento
749 3689 873 3765 elarius
894 3690 1100 3790 apparebat,
1132 3714 1193 3764 eos
1217 3715 1290 3762 non
1313 3686 1437 3797 eodem
1460 3686 1538 3763 loco
1558 3703 1593 3765 et
1616 3717 1763 3766 numero
1788 3692 1853 3767 ho-

249 3848 379 3922 bendos
403 3872 485 3923 esse.
534 3847 581 3920 Et
608 3847 790 3948 plerosque
817 3843 958 3946 quidem
981 3844 1109 3920 horum
1130 3844 1334 3933 hominum,
1368 3843 1527 3943 quamvis
1548 3855 1583 3919 et
1608 3845 1674 3944 ipsi
1701 3847 1790 3920 iuter
1815 3873 1850 3922 se

252 3993 485 4095 dissentirent,
508 4001 764 4077 Moectoetmi
786 4001 843 4080 rel
869 4000 1079 4121 Geortieim'
1099 4001 1255 4103 placitis,
1282 3998 1396 4101 quoliu
1427 4000 1584 4075 Catberis
1607 4001 1851 4095 tribuerentur,

281 4299 321 4365 (t)
339 4299 402 4350 Vide
413 4314 508 4349 nrm
519 4299 591 4351 Moe.
603 4301 623 4352 t.
636 4317 659 4351 o.
677 4318 704 4367 p.
721 4301 782 4353 629.
799 4306 827 4351 et
839 4301 900 4351 63⁴.
936 4300 1094 4352 Gorsium
1110 4301 1143 4351 do
1162 4300 1403 4353 patronarum.
1422 4317 1449 4368 p.
1467 4299 1528 4350 684.
1547 4302 1626 4367 Epist.
1645 4318 1787 4354 rsnoerrrrr
1806 4307 1855 4358 ΙΙΙ.
1885 4358 1889 4366 ,

650 4408 710 4442 rnre
730 4406 855 4442 urrunnnr
875 4408 920 4442 eur
939 4407 953 4442 t
970 4406 1100 4442 terrimo
1119 4391 1181 4443 ibid.
1199 4407 1225 4458 p.
1244 4390 1305 4443 668.
1325 4391 1425 4441 dicutur
1444 4391 1595 4452 Arrianus,
1617 4393 1734 4456 equidem
1753 4395 1858 4447 definire

279 4658 321 4723 (8)
339 4660 386 4711 cu.
402 4663 502 4725 praeter
515 4660 656 4727 scriptore·
671 4677 693 4712 s.
713 4663 741 4712 11.
754 4678 843 4723 nurus,
865 4663 935 4716 etet.
955 4663 1055 4716 Iertes.
1076 4665 1146 4718 Tum.
1163 4665 1194 4716 Χ.
1205 4680 1232 4730 ρ.
1246 4663 1295 4715 166
1305 4678 1362 4729 sqq.
1381 4664 1593 4718 bussetum
1609 4666 1629 4717 i.
1642 4683 1664 4719 r.
1676 4683 1703 4734 p.
1714 4669 1781 4731 nrt,
1798 4672 1858 4722 ott.
