4642 6224
1127 453 1184 541 66

1091 753 1208 885 §n

666 1063 891 1150 Contionee
911 1067 968 1148 λη
999 1064 1271 1149 Voldeneinm
1298 1077 1338 1149 et
1363 1066 1658 1179 Albigeneium

866 1217 1141 1320 dictinctione
1166 1232 1440 1321 adhibendae.

406 1528 652 1628 Disputationis
688 1528 806 1602 limine
840 1529 994 1603 nondum
1019 1544 1197 1631 snperato,
1222 1529 1398 1607 (Ῑαιιΐὶοηας
1411 1530 1489 1631 jam
1509 1531 1544 1603 in
1573 1529 1832 1605 Voldemtnmet
1860 1530 1961 1606 Aldi-

352 1687 501 1786 gensinm
522 1684 722 1760 distinctum
744 1684 1025 1761 adldendosetse
1040 1687 1351 1768 animadvertimus.
1376 1685 1480 1762 Hand
1494 1712 1601 1787 pnuon
1614 1688 1852 1780 enimeomm,
1872 1713 1960 1789 qnae

355 1843 494 1916 Veteres
515 1841 616 1915 nohis
635 1840 699 1915 hnc
717 1843 760 1915 de
783 1869 819 1917 re
842 1842 1069 1934 tradiderunt,
1092 1855 1165 1919 tam
1183 1869 1271 1945 vogn
1292 1856 1327 1916 et
1349 1845 1480 1917 infinite
1507 1857 1606 1936 suut,
1630 1856 1668 1916 ut
1689 1845 1843 1918 incantus
1864 1845 1960 1944 qnis-

357 2024 424 2097 que
460 1996 557 2071 facile
585 1997 621 2070 in
657 2022 809 2071 errorem
840 1997 1030 2076 induentur.
1081 1997 1186 2092 Quod
1208 1998 1364 2098 exemplo
1387 2023 1449 2073 suo
1473 1996 1597 2072 docent
1623 1998 1725 2072 multi
1753 2001 1821 2076 viri
1850 1999 1960 2090 docti,

355 2154 416 2254 qni
447 2165 527 2251 post
557 2175 732 2225 sucromm
758 2152 1039 2228 instaurationem
1066 2152 1111 2226 nd
1135 2165 1289 2227 nostrum
1307 2152 1510 2226 memorium
1536 2153 1602 2226 hoc
1624 2165 1864 2254 argumentum
1887 2166 1962 2227 tru-

356 2319 500 2382 ctnmnt.
550 2307 621 2386 Nec
644 2318 777 2381 tantum
796 2308 883 2411 lapsi
905 2322 1003 2400 sunt,
1027 2309 1088 2409 qui
1114 2307 1292 2383 Voldeuses
1312 2307 1432 2383 eodem
1454 2310 1534 2382 loco
1552 2321 1586 2382 et
1604 2333 1747 2383 numero
1767 2323 1870 2412 utque
1889 2311 1959 2384 At-

358 2460 502 2564 lrgnrees
540 2460 714 2535 habendos
742 2487 813 2536 esse
850 2464 1119 2562 contendebant3
1154 2462 1213 2538 sed
1245 2465 1400 2566 plerique
1425 2464 1528 2539 etium
1556 2489 1694 2557 eorum,
1728 2467 1809 2564 qui,
1836 2468 1959 2541 rectius

361 2621 555 2711 sentientes,
588 2618 625 2690 id
666 2618 787 2693 acriter
818 2619 963 2721 egebant
975 2674 987 2714 ,
1020 2634 1061 2696 ut
1086 2621 1183 2694 alteri
1202 2620 1246 2694 nh
1274 2620 1389 2694 ulteris
1407 2619 1684 2694 discernerentur.
1733 2620 1956 2693 Vehementer

356 2777 474 2871 fallor,
493 2792 553 2854 nut
566 2779 760 2881 nuperrime
774 2777 912 2852 demum
926 2776 1030 2873 mihi,
1049 2790 1088 2851 ut
1102 2776 1299 2880 oportebat,
1323 2788 1589 2851 commonstrata
1603 2776 1659 2853 rin
1671 2787 1722 2848 est
1733 2775 1954 2866 discriminis,

358 2935 453 3034 qnod
473 2935 560 3008 inter
579 2947 741 3033 utrosque
760 2933 952 3006 faciendum
970 2945 1038 3024 est,
1059 2959 1125 3034 pro
1144 2935 1278 3011 viribus
1296 2930 1381 3008 meis
1399 2931 1600 3032 exponendi.
1648 2935 1695 3007 Et
1718 2913 1956 3007 cmsennuns

360 3087 572 3188 quidem(l)
597 3086 823 3187 Albigeruinm
845 3111 970 3160 nomen
993 3086 1037 3160 ub
1056 3113 1097 3160 eo
1118 3101 1293 3193 tempore,
1325 3113 1397 3190 qno
1422 3087 1592 3189 expeditio
1618 3087 1774 3160 militaris
1796 3087 1834 3159 in
1857 3084 1958 3160 Athi-

354 3243 505 3344 gotum,
530 3243 704 3343 regionem
733 3241 862 3317 Golltoe
879 3243 1136 3339 meridionalis,
1158 3246 1406 3346 susciperetur,
1429 3241 1627 3317 Hooeticos
1646 3242 1852 3341 significasse
1878 3266 1960 3314 mo·

359 3410 439 3491 net,
473 3399 626 3500 primum
658 3423 798 3490 omues,
832 3411 1002 3501 quotquot
1030 3401 1199 3475 militibus
1230 3400 1490 3502 ernon-signetis
1514 3424 1551 3474 se
1585 3410 1815 3499 opponerent,
1839 3397 1959 3471 deinde

360 3578 443 3632 rero
477 3552 653 3630 Cotltoroe
702 3553 864 3643 Similiter
892 3558 1072 3634 cunum
1086 3555 1169 3658 (2),
1201 3569 1352 3632 mentem
1388 3553 1439 3628 sic
1469 3552 1661 3653 explicans:
1698 3549 1957 3651 Expeditionem

357 3711 445 3783 hunc
476 3708 660 3785 militarem
688 3711 795 3810 vulgo
823 3709 1073 3814 expeditionem
1094 3714 1162 3789 dici
1186 3714 1347 3790 adversus
1373 3708 1589 3813 Albignrree,
1613 3708 1777 3810 qnoniam
1798 3731 1840 3780 eo
1865 3718 1957 3780 tem-

357 3893 462 3970 pore,
496 3892 566 3968 quo
588 3866 647 3940 ille
656 3881 908 3970 perageretur,
932 3869 1108 3946 Haeretici
1132 3869 1264 3945 Galliae
1285 3868 1532 3960 meridionalis,
1566 3865 1738 3943 rnrinrnm
1763 3874 1954 3950 sectarum,

356 4022 535 4123 praecipue
565 4047 648 4101 vero
684 4022 907 4099 Cntaromm
942 4039 1119 4129 sequentes
1149 4027 1298 4128 placitu,
1328 4051 1414 4104 voce
1446 4024 1490 4098 nb
1519 4020 1636 4113 Attae,
1660 4018 1824 4121 Atttgnat
1848 4016 1954 4104 urbe,

357 4179 526 4271 deri'rnto,
564 4178 758 4282 Albr'gerites
789 4181 949 4284 appellati
983 4183 1060 4261 rint.
1109 4183 1180 4260 Neo
1213 4181 1316 4283 longe
1350 4182 1429 4256 hine
1449 4176 1604 4254 'disoessit
1631 4195 1951 4255 nuornnnttnros

384 4599 423 4666 (l)
441 4599 471 4648 l..
493 4615 514 4649 c.
534 4614 560 4665 p.
579 4597 640 4649 ⁶71.

384 4690 423 4756 (2)
441 4689 471 4742 t.
492 4705 515 4740 e.
533 4705 559 4756 p.
579 4687 641 4738 4⁸0.
