4642 6224
1131 482 1187 569 33

357 797 461 860 aetate
488 780 672 861 viri-docti
695 780 795 853 nobis
815 777 1046 880 explicuerunt
1053 804 1065 874 3
1097 802 1207 877 neque
1235 776 1283 850 ita
1314 787 1426 849 tamen
1438 828 1449 868 ,
1472 788 1513 850 ut
1536 777 1766 876 quaestionum
1790 778 1834 851 ab
1859 780 1953 852 omni

356 952 452 1039 parte
471 939 654 1013 excussisse
679 936 867 1012 videantur.
918 935 1120 1010 Accusatam
1146 946 1237 1007 certe
1264 930 1374 1007 adhuc
1400 933 1554 1007 desidero
1581 931 1832 1008 distinctionem
1855 934 1957 1008 Hae-

356 1095 552 1185 reticorum,
582 1117 668 1191 quos
695 1091 832 1164 Veteres
860 1088 904 1163 ad
931 1114 1038 1190 genus
1069 1088 1154 1161 illud
1174 1088 1377 1163 retulerunt.
1427 1089 1517 1162 Huic
1550 1100 1662 1162 autem
1693 1087 1858 1163 desiderio
1889 1115 1956 1191 ego

282 1307 285 1312 .
359 1247 497 1348 quidem
537 1246 725 1319 satisfacere
765 1270 834 1318 nou
873 1270 1037 1343 possum,
1080 1242 1137 1316 sed
1177 1258 1215 1317 ut
1253 1269 1319 1343 pro
1362 1211 1492 1320 viribus
1534 1244 1619 1317 meis
1662 1270 1856 1319 succurram
1899 1247 1955 1318 in·

356 1403 548 1504 cipiendum
577 1415 629 1474 est
662 1401 706 1473 ab
740 1400 1014 1499 interpretatione
1041 1398 1201 1474 nominis.
1251 1398 1424 1491 Fabulas,
1449 1425 1532 1500 quas
1564 1424 1790 1476 canussnus
1822 1426 1956 1475 rnemo-
2031 1415 2039 1429 '

357 1570 409 1632 rat
436 1557 521 1657 (1),
545 1557 790 1657 praetermitto.
840 1556 942 1630 Haud
966 1554 1204 1655 improbabilis
1223 1566 1274 1627 est
1300 1578 1504 1630 mosnnmn
1529 1557 1711 1648 sententia,
1734 1582 1856 1634 rocem
1883 1558 1957 1634 Ca-

354 1713 444 1788 tham'
473 1713 714 1813 depravatam,
744 1725 777 1786 et
813 1738 879 1812 pro
915 1739 954 1786 ea
973 1679 1254 1784 ¹substituendam
1282 1736 1353 1784 esse
1382 1712 1513 1784 Gaaarr'
1525 1766 1535 1804 ,
1560 1712 1688 1813 quippe
1714 1740 1756 1788 ex
1786 1713 1956 1804 Gazoria,

355 1868 392 1942 id
420 1882 471 1943 est
503 1869 663 1943 Tartoma
690 1866 830 1959 minori,
854 1866 990 1941 oriundi
1013 1866 1086 1967 (2).
1135 1867 1237 1966 Apud
1259 1867 1398 1939 Veteres
1426 1867 1517 1941 enim
1539 1866 1621 1940 haec
1643 1867 1784 1968 scriptio
1807 1870 1877 1964 jam
1896 1893 1958 1942 oo-

354 2023 461 2096 currit
483 2022 554 2124 (3).
605 2022 672 2097 Sed
694 2048 772 2095 cam
793 2047 836 2095 ex
856 2047 1017 2122 perversa
1036 2022 1108 2098 veri
1130 2021 1281 2094 nominis
1302 2022 1491 2095 elocutione
1515 2035 1626 2095 ortam
1646 2047 1717 2096 esse
1733 2025 1803 2121 jorn
1823 2026 1957 2097 monuit

356 2199 583 2252 anscausus
619 2189 652 2249 et
675 2176 892 2252 confirmavit
921 2201 1029 2275 nuper
1056 2200 1250 2253 crusnunn
1277 2175 1364 2276 (4),
1393 2180 1469 2276 jure
1493 2178 1681 2277 meritoque
1703 2202 1894 2278 provocans
1914 2180 1958 2253 ad

354 2353 600 2406 nonnarum
640 2329 954 2432 Schouaugieusmu,
988 2333 1049 2431 qui
1080 2333 1152 2428 jam
1178 2294 1290 2406 seculo
1317 2334 1394 2407 XII
1415 2333 1533 2438 ,medio
1554 2333 1719 2409 Cathoros
1748 2335 1903 2436 scripsit,
1925 2350 1959 2410 et

220 2509 224 2516 ·
355 2483 440 2558 illud
465 2484 621 2583 exposuit
649 2484 877 2577 Catharrstas,
901 2485 939 2557 id
961 2493 1008 2557 est
1025 2495 1227 2589 purgatores
1244 2487 1315 2588 (5).
1353 2486 1622 2562 Describeudum
1649 2501 1761 2564 autem
1787 2502 1838 2563 est
1865 2490 1958 2590 quod

354 2637 459 2738 paulo
494 2637 632 2712 inferius
669 2639 760 2739 opud
790 2639 880 2713 huuc
909 2639 1110 2738 scriptorem
1137 2641 1301 2740 legimus:
1327 2666 1435 2713 omnes
1457 2640 1676 2733 damnantur,
1703 2642 1769 2713 ar'si
1793 2642 1959 2716 discedant

355 2792 396 2868 ab
419 2794 571 2886 inviam,
596 2802 626 2868 et
647 2794 737 2869 votis
748 2794 956 2896 jungantur,
980 2803 1011 2868 et
1031 2802 1217 2899 purgentur
1236 2819 1302 2899 per
1319 2821 1386 2870 vos.
1437 2793 1583 2869 Hiucet
1606 2795 1668 2869 troc
1689 2820 1804 2869 nomm
1826 2793 1889 2867 utri
1900 2821 1960 2868 as-

355 2956 569 3054 sumpserunt
589 2949 696 3053 primi
723 2948 877 3051 magistri
906 2949 1020 3041 uestri,
1050 2958 1087 3023 ut
1116 2975 1150 3025 se
1181 2959 1333 3024 vocarent
1358 2949 1584 3043 Cathamstas,
1608 2950 1646 3024 id
1670 2959 1717 3024 est
1740 2957 1959 3055 purgatores,

355 3111 385 3175 et
409 3101 600 3197 Ouiaros,
634 3104 671 3177 id
694 3113 741 3178 est
767 3104 925 3179 mundos:
949 3114 979 3178 et
1007 3131 1078 3181 ecce
1097 3107 1191 3209 justo
1206 3107 1337 3210 judicio
1365 3105 1438 3182 Dei
1458 3106 1566 3210 ipsum
1592 3129 1729 3198 nomm,
1753 3104 1846 3207 quod
1869 3101 1959 3180 voto

355 3259 574 3365 assumpsistis
597 3260 645 3334 art
664 3261 805 3362 pluriam
826 3270 985 3355 uestram,
1012 3287 1139 3337 vorum
1163 3271 1208 3337 est
1232 3263 1269 3337 in
1295 3263 1506 3364 ipumururam
1530 3261 1622 3337 uobis
1643 3263 1678 3334 iu
1699 3260 1862 3367 populari
1886 3286 1959 3335 ser-

357 3439 452 3489 mone
466 3415 536 3515 (6).
585 3416 676 3489 Hinc
697 3430 855 3517 apparet,
877 3432 1048 3494 auctorem
1065 3445 1191 3495 nomeu
1210 3420 1374 3498 dirirasse
1391 3447 1412 3494 a
1431 3418 1601 3503 vocabulo
1618 3421 1751 3494 Graeco
1768 3421 1957 3520 καθαρὸς,

360 3571 453 3671 quod
479 3583 513 3645 et
545 3570 707 3663 Veteres,
742 3575 858 3671 paucis
892 3575 1060 3676 exceptis,
1094 3575 1227 3668 fecisse,
1263 3602 1331 3651 non
1360 3602 1448 3677 opus
1479 3588 1550 3666 cst,
1585 3586 1624 3648 ut
1657 3575 1840 3676 probetur3
1876 3601 1955 3649 cum
2027 3559 2032 3567 ’

386 3882 426 3947 (1)
445 3883 635 3948 Ρνοῑοςοηιιπα
652 3882 678 3930 in
696 3897 771 3932 eron
792 3881 922 3932 Μαικία
940 3883 1131 3935 Suessetanos.
1151 3885 1170 3936 t.
1190 3901 1213 3936 e.
1232 3902 1258 3950 p.
1278 3884 1340 3934 263.

385 3972 427 4039 (2)
444 3973 476 4024 t.
499 3989 521 4022 c.
542 3990 569 4038 p.
590 3972 651 4022 436.
688 3974 736 4022 cu.
758 3988 902 4024 ιιιιοιιιι.
926 3974 945 4022 1.
967 3975 1321 4040 0.10m.xx111.p.oor‚
1347 3972 1409 4024 362.
1446 3973 1545 4022 tinen
1564 3976 1592 4021 et
1610 3985 1690 4021 urus
1707 3970 1777 4018 Tom.
1797 3968 1833 4017 11.
1853 3984 1879 4032 p.
1904 3968 1962 4018 130.

450 4062 564 4112 Gnuurn
580 4079 606 4127 p.
623 4061 684 4119 466,
703 4064 806 4112 nomina
827 4062 993 4113 Gasororrrm
1013 4069 1041 4114 et
1059 4065 1239 4116 Gottororrrm
1257 4064 1401 4130 copularit3
1419 4062 1464 4112 sed
1483 4078 1541 4123 me,
1560 4060 1708 4126 inscriptis
1726 4063 1856 4117 veterum,
1880 4057 1964 4108 iocum

448 4166 502 4200 uon
520 4152 634 4200 iuvenire
651 4153 770 4212 memini,
793 4152 837 4201 uhi
855 4156 964 4217 utreque
981 4155 1134 4206 excitentur.

388 4239 431 4307 (3)
448 4240 587 4289 Serranus
605 4240 637 4288 rte
654 4240 775 4292 Barbarie
796 4243 863 4307 spud
881 4245 1041 4310 d’Arqerstrt
1060 4246 1166 4296 Gottect.
1188 4245 1278 4295 ludis.
1295 4246 1327 4294 dr
1341 4247 1421 4295 noete
1436 4242 1581 4292 erroribus.
1599 4242 1669 4290 Tum.
1681 4238 1704 4289 1.
1721 4253 1746 4303 p.
1761 4238 1805 4289 90.
1842 4239 1881 4289 Gt.
1900 4238 1962 4288 Cart.

451 4331 483 4379 de
500 4328 608 4378 Haeret.
628 4330 688 4393 Cap.
705 4331 723 4380 8
739 4336 766 4380 et
783 4334 810 4382 0.
846 4334 877 4382 Et
893 4350 923 4383 ex
939 4337 1019 4402 Epist.
1038 4351 1156 4386 srssoun
1172 4337 1207 4386 xl
1223 4336 1256 4386 sd
1270 4337 1333 4401 tter.
1352 4335 1420 4385 ortt.
1438 4333 1504 4398 apud
1519 4345 1641 4383 narrato.
1660 4332 1764 4394 spparst
1779 4343 1898 4392 quoque,
1918 4344 1964 4378 no-

450 4435 510 4469 meu
530 4418 696 4479 Gasarorrrm
713 4437 778 4470 anno
798 4421 864 4473 1374
881 4426 994 4476 nondum
1011 4425 1171 4476 obsolevisse.

388 4509 429 4577 (4)
448 4510 478 4559 t.
498 4510 518 4560 t.
537 4524 563 4574 p.
583 4508 644 4559 623.

386 4600 429 4666 (s)
447 4598 580 4649 Adversus
598 4600 744 4661 Cetturae,
769 4602 840 4653 urst.
860 4604 937 4656 Patr.
957 4607 1026 4657 Tora.
1046 4607 1139 4658 xxm.
1158 4623 1185 4671 p.
1203 4605 1330 4658 601·tt⁰³.

386 4690 429 4756 (6)
447 4690 544 4740 ibidem
561 4706 588 4755 p.
605 4687 667 4742 607.
687 4690 723 4741 ot.
742 4706 768 4756 p.
786 4692 866 4747 632,
922 4742 928 4749 ,
