<?xml version="1.0" encoding="UTF-8"?>
<!DOCTYPE html PUBLIC "-//W3C//DTD XHTML 1.0 Transitional//EN"
    "http://www.w3.org/TR/xhtml1/DTD/xhtml1-transitional.dtd">
<html xmlns="http://www.w3.org/1999/xhtml" xml:lang="en" lang="en">
 <head>
  <title>
</title>
<meta http-equiv="Content-Type" content="text/html;charset=utf-8" />
  <meta name='ocr-system' content='tesseract 3.04.00' />
  <meta name='ocr-capabilities' content='ocr_page ocr_carea ocr_par ocr_line ocrx_word'/>
</head>
<body>
  <div class='ocr_page' id='page_1' title='image "./disputatioacade00jasgoog_0027.png"; bbox 0 0 4642 6224; ppageno 0'>
   <div class='ocr_carea' id='block_1_1' title="bbox 1148 454 1200 538">
    <p class='ocr_par' dir='ltr' id='par_1_1' title="bbox 1148 454 1200 538">
     <span class='ocr_line' id='line_1_1' title="bbox 1148 454 1200 538; baseline 0.019 -1"><span class='ocrx_word' id='word_1_1' title='bbox 1148 454 1200 538; x_wconf 85' lang='lat'><strong>12</strong></span> 
     </span>
    </p>
   </div>
   <div class='ocr_carea' id='block_1_2' title="bbox 290 732 1969 3462">
    <p class='ocr_par' dir='ltr' id='par_1_2' title="bbox 290 732 1969 3462">
     <span class='ocr_line' id='line_1_2' title="bbox 369 732 1969 851; baseline 0.002 -29"><span class='ocrx_word' id='word_1_2' title='bbox 369 773 474 850; x_wconf 88' lang='lat' dir='ltr'><strong>aeque</strong></span> <span class='ocrx_word' id='word_1_3' title='bbox 494 758 596 849; x_wconf 84' lang='lat' dir='ltr'><strong>atque</strong></span> <span class='ocrx_word' id='word_1_4' title='bbox 612 732 811 851; x_wconf 20' lang='lat' dir='ltr'><strong>‚Boudion</strong></span> <span class='ocrx_word' id='word_1_5' title='bbox 835 743 895 846; x_wconf 83' lang='lat' dir='ltr'><strong>qui</strong></span> <span class='ocrx_word' id='word_1_6' title='bbox 918 742 1144 845; x_wconf 77' lang='lat' dir='ltr'><strong>Alhr‘genrium</strong></span> <span class='ocrx_word' id='word_1_7' title='bbox 1163 741 1301 817; x_wconf 84' lang='lat' dir='ltr'><strong>nomine</strong></span> <span class='ocrx_word' id='word_1_8' title='bbox 1315 755 1319 763; x_wconf 83' lang='lat'>&#39;</span> <span class='ocrx_word' id='word_1_9' title='bbox 1331 742 1562 844; x_wconf 88' lang='lat' dir='ltr'><strong>appellantur,</strong></span> <span class='ocrx_word' id='word_1_10' title='bbox 1588 749 1769 823; x_wconf 86' lang='lat' dir='ltr'><strong>acerrimos</strong></span> <span class='ocrx_word' id='word_1_11' title='bbox 1793 772 1828 822; x_wconf 85' lang='lat' dir='ltr'><strong>se</strong></span> <span class='ocrx_word' id='word_1_12' title='bbox 1848 749 1969 826; x_wconf 85' lang='lat' dir='ltr'><strong>Eccle-</strong></span> 
     </span>
     <span class='ocr_line' id='line_1_3' title="bbox 366 898 1137 1000; baseline -0.005 -24"><span class='ocrx_word' id='word_1_13' title='bbox 366 905 435 977; x_wconf 82' lang='lat' dir='ltr'><strong>siae</strong></span> <span class='ocrx_word' id='word_1_14' title='bbox 460 905 633 978; x_wconf 86' lang='lat' dir='ltr'><strong>Romauae</strong></span> <span class='ocrx_word' id='word_1_15' title='bbox 657 898 869 978; x_wconf 83' lang='lat' dir='ltr'><strong>adversarios</strong></span> <span class='ocrx_word' id='word_1_16' title='bbox 899 898 1137 1000; x_wconf 78' lang='lat' dir='ltr'><strong>praestiterint.</strong></span> 
     </span>
     <span class='ocr_line' id='line_1_4' title="bbox 417 1018 1968 1155; baseline -0.001 -22"><span class='ocrx_word' id='word_1_17' title='bbox 417 1056 471 1133; x_wconf 79' lang='lat' dir='ltr'><strong>ad</strong></span> <span class='ocrx_word' id='word_1_18' title='bbox 504 1069 619 1130; x_wconf 89' lang='lat' dir='ltr'><strong>nostra</strong></span> <span class='ocrx_word' id='word_1_19' title='bbox 646 1068 799 1155; x_wconf 86' lang='lat' dir='ltr'><strong>tempora</strong></span> <span class='ocrx_word' id='word_1_20' title='bbox 827 1018 1053 1154; x_wconf 80' lang='lat' dir='ltr'><strong>pervenerunt</strong></span> <span class='ocrx_word' id='word_1_21' title='bbox 1081 1051 1280 1150; x_wconf 79' lang='lat' dir='ltr'><strong>scriptores,</strong></span> <span class='ocrx_word' id='word_1_22' title='bbox 1314 1076 1462 1151; x_wconf 89' lang='lat' dir='ltr'><strong>quornm</strong></span> <span class='ocrx_word' id='word_1_23' title='bbox 1486 1053 1522 1126; x_wconf 93' lang='lat' dir='ltr'><strong>in</strong></span> <span class='ocrx_word' id='word_1_24' title='bbox 1546 1053 1664 1146; x_wconf 90' lang='lat' dir='ltr'><strong>libris,</strong></span> <span class='ocrx_word' id='word_1_25' title='bbox 1694 1069 1826 1131; x_wconf 89' lang='lat' dir='ltr'><strong>certum</strong></span> <span class='ocrx_word' id='word_1_26' title='bbox 1848 1071 1882 1131; x_wconf 90' lang='lat' dir='ltr'><strong>et</strong></span> <span class='ocrx_word' id='word_1_27' title='bbox 1904 1084 1968 1133; x_wconf 85' lang='lat' dir='ltr'><strong>ex-</strong></span> 
     </span>
     <span class='ocr_line' id='line_1_5' title="bbox 367 1205 1966 1310; baseline 0.001 -26"><span class='ocrx_word' id='word_1_28' title='bbox 367 1211 540 1310; x_wconf 88' lang='lat' dir='ltr'><strong>ploratum</strong></span> <span class='ocrx_word' id='word_1_29' title='bbox 562 1223 633 1300; x_wconf 88' lang='lat' dir='ltr'><strong>est,</strong></span> <span class='ocrx_word' id='word_1_30' title='bbox 658 1207 906 1308; x_wconf 62' lang='lat' dir='ltr'><strong>Alhgeruium,</strong></span> <span class='ocrx_word' id='word_1_31' title='bbox 930 1207 991 1308; x_wconf 91' lang='lat' dir='ltr'><strong>qui</strong></span> <span class='ocrx_word' id='word_1_32' title='bbox 1015 1205 1196 1299; x_wconf 90' lang='lat' dir='ltr'><strong>dicuntur,</strong></span> <span class='ocrx_word' id='word_1_33' title='bbox 1220 1231 1273 1278; x_wconf 84' lang='lat' dir='ltr'><strong>res</strong></span> <span class='ocrx_word' id='word_1_34' title='bbox 1296 1209 1500 1282; x_wconf 86' lang='lat' dir='ltr'><strong>memorari:</strong></span> <span class='ocrx_word' id='word_1_35' title='bbox 1526 1232 1675 1284; x_wconf 69' lang='lat' dir='ltr'><strong>cunnus</strong></span> <span class='ocrx_word' id='word_1_36' title='bbox 1696 1210 1885 1285; x_wconf 65' lang='lat' dir='ltr'><strong>Monachus</strong></span> <span class='ocrx_word' id='word_1_37' title='bbox 1906 1238 1966 1285; x_wconf 92' lang='lat' dir='ltr'><strong>su-</strong></span> 
     </span>
     <span class='ocr_line' id='line_1_6' title="bbox 368 1357 1967 1463; baseline 0.001 -28"><span class='ocrx_word' id='word_1_38' title='bbox 368 1391 430 1463; x_wconf 84' lang='lat' dir='ltr'><strong>pra</strong></span> <span class='ocrx_word' id='word_1_39' title='bbox 452 1365 612 1438; x_wconf 81' lang='lat' dir='ltr'><strong>excitatus</strong></span> <span class='ocrx_word' id='word_1_40' title='bbox 639 1375 673 1436; x_wconf 89' lang='lat' dir='ltr'><strong>et</strong></span> <span class='ocrx_word' id='word_1_41' title='bbox 703 1386 949 1438; x_wconf 76' lang='lat' dir='ltr'><strong>ournrunruus</strong></span> <span class='ocrx_word' id='word_1_42' title='bbox 973 1360 1014 1435; x_wconf 85' lang='lat' dir='ltr'><strong>de</strong></span> <span class='ocrx_word' id='word_1_43' title='bbox 1037 1359 1151 1434; x_wconf 82' lang='lat' dir='ltr'><strong>Pedio</strong></span> <span class='ocrx_word' id='word_1_44' title='bbox 1174 1357 1365 1451; x_wconf 77' lang='lat' dir='ltr'><strong>Laurentii,</strong></span> <span class='ocrx_word' id='word_1_45' title='bbox 1399 1362 1524 1459; x_wconf 88' lang='lat' dir='ltr'><strong>quibus</strong></span> <span class='ocrx_word' id='word_1_46' title='bbox 1553 1363 1693 1436; x_wconf 90' lang='lat' dir='ltr'><strong>omniuo</strong></span> <span class='ocrx_word' id='word_1_47' title='bbox 1717 1362 1858 1436; x_wconf 81' lang='lat' dir='ltr'><strong>addatur</strong></span> <span class='ocrx_word' id='word_1_48' title='bbox 1887 1362 1967 1436; x_wconf 76' lang='lat' dir='ltr'><strong>liber</strong></span> 
     </span>
     <span class='ocr_line' id='line_1_7' title="bbox 370 1501 1965 1620; baseline 0 -30"><span class='ocrx_word' id='word_1_49' title='bbox 370 1516 604 1591; x_wconf 69' lang='lat' dir='ltr'><strong>Sententiarum</strong></span> <span class='ocrx_word' id='word_1_50' title='bbox 626 1501 838 1620; x_wconf 79' lang='lat' dir='ltr'><strong>r&#39;nquisitionis</strong></span> <span class='ocrx_word' id='word_1_51' title='bbox 865 1517 1090 1610; x_wconf 71' lang='lat' dir='ltr'><strong>tholosanae,</strong></span> <span class='ocrx_word' id='word_1_52' title='bbox 1122 1541 1163 1590; x_wconf 86' lang='lat' dir='ltr'><strong>ex</strong></span> <span class='ocrx_word' id='word_1_53' title='bbox 1188 1516 1344 1591; x_wconf 80' lang='lat' dir='ltr'><strong>Arclrivis</strong></span> <span class='ocrx_word' id='word_1_54' title='bbox 1367 1516 1604 1618; x_wconf 88' lang='lat' dir='ltr'><strong>Inquisitionis</strong></span> <span class='ocrx_word' id='word_1_55' title='bbox 1633 1516 1721 1589; x_wconf 92' lang='lat' dir='ltr'><strong>illius</strong></span> <span class='ocrx_word' id='word_1_56' title='bbox 1747 1516 1965 1616; x_wconf 87' lang='lat' dir='ltr'><strong>depromtus,</strong></span> 
     </span>
     <span class='ocr_line' id='line_1_8' title="bbox 363 1671 1964 1773; baseline 0.001 -32"><span class='ocrx_word' id='word_1_57' title='bbox 363 1672 424 1770; x_wconf 83' lang='lat' dir='ltr'><strong>qui</strong></span> <span class='ocrx_word' id='word_1_58' title='bbox 457 1673 606 1745; x_wconf 91' lang='lat' dir='ltr'><strong>continet</strong></span> <span class='ocrx_word' id='word_1_59' title='bbox 639 1671 764 1769; x_wconf 89' lang='lat' dir='ltr'><strong>judicia</strong></span> <span class='ocrx_word' id='word_1_60' title='bbox 798 1671 958 1748; x_wconf 78' lang='lat' dir='ltr'><strong>adversus</strong></span> <span class='ocrx_word' id='word_1_61' title='bbox 991 1671 1184 1773; x_wconf 77' lang='lat' dir='ltr'><strong>Alhigerrses</strong></span> <span class='ocrx_word' id='word_1_62' title='bbox 1212 1674 1279 1746; x_wconf 91' lang='lat' dir='ltr'><strong>lata</strong></span> <span class='ocrx_word' id='word_1_63' title='bbox 1296 1671 1370 1773; x_wconf 93' lang='lat' dir='ltr'><strong>(l).</strong></span> <span class='ocrx_word' id='word_1_64' title='bbox 1417 1674 1549 1748; x_wconf 77' lang='lat' dir='ltr'><strong>Pariter</strong></span> <span class='ocrx_word' id='word_1_65' title='bbox 1583 1671 1684 1743; x_wconf 90' lang='lat' dir='ltr'><strong>nobis</strong></span> <span class='ocrx_word' id='word_1_66' title='bbox 1706 1684 1841 1770; x_wconf 86' lang='lat' dir='ltr'><strong>praesto</strong></span> <span class='ocrx_word' id='word_1_67' title='bbox 1865 1682 1964 1759; x_wconf 92' lang='lat' dir='ltr'><strong>sunt,</strong></span> 
     </span>
     <span class='ocr_line' id='line_1_9' title="bbox 334 1786 1963 1925; baseline -0.001 -28"><span class='ocrx_word' id='word_1_68' title='bbox 334 1827 423 1924; x_wconf 71' lang='lat' dir='ltr'><strong>‘qui</strong></span> <span class='ocrx_word' id='word_1_69' title='bbox 456 1827 526 1898; x_wconf 91' lang='lat' dir='ltr'><strong>sine</strong></span> <span class='ocrx_word' id='word_1_70' title='bbox 566 1826 795 1899; x_wconf 83' lang='lat' dir='ltr'><strong>controversia</strong></span> <span class='ocrx_word' id='word_1_71' title='bbox 833 1825 875 1898; x_wconf 88' lang='lat' dir='ltr'><strong>de</strong></span> <span class='ocrx_word' id='word_1_72' title='bbox 915 1786 1130 1898; x_wconf 56' lang='lat' dir='ltr'><strong>Valde&#39;asahas</strong></span> <span class='ocrx_word' id='word_1_73' title='bbox 1164 1830 1389 1925; x_wconf 87' lang='lat' dir='ltr'><strong>scripserunt:</strong></span> <span class='ocrx_word' id='word_1_74' title='bbox 1423 1850 1638 1915; x_wconf 70' lang='lat' dir='ltr'><strong>nemesus,</strong></span> <span class='ocrx_word' id='word_1_75' title='bbox 1677 1827 1737 1925; x_wconf 89' lang='lat' dir='ltr'><strong>qui</strong></span> <span class='ocrx_word' id='word_1_76' title='bbox 1772 1826 1844 1923; x_wconf 89' lang='lat' dir='ltr'><strong>ipse</strong></span> <span class='ocrx_word' id='word_1_77' title='bbox 1877 1826 1963 1896; x_wconf 87' lang='lat' dir='ltr'><strong>inter</strong></span> 
     </span>
     <span class='ocr_line' id='line_1_10' title="bbox 361 1935 1962 2076; baseline 0.002 -27"><span class='ocrx_word' id='word_1_78' title='bbox 361 1979 531 2076; x_wconf 85' lang='lat' dir='ltr'><strong>principes</strong></span> <span class='ocrx_word' id='word_1_79' title='bbox 555 1977 779 2053; x_wconf 79' lang='lat' dir='ltr'><strong>Cathororum</strong></span> <span class='ocrx_word' id='word_1_80' title='bbox 806 1935 913 2051; x_wconf 80' lang='lat' dir='ltr'><strong>sectae</strong></span> <span class='ocrx_word' id='word_1_81' title='bbox 938 1977 1023 2069; x_wconf 83' lang='lat' dir='ltr'><strong>fuit,</strong></span> <span class='ocrx_word' id='word_1_82' title='bbox 1048 1978 1205 2050; x_wconf 85' lang='lat' dir='ltr'><strong>sedeam</strong></span> <span class='ocrx_word' id='word_1_83' title='bbox 1233 1979 1397 2066; x_wconf 89' lang='lat' dir='ltr'><strong>deseruit,</strong></span> <span class='ocrx_word' id='word_1_84' title='bbox 1423 2005 1502 2050; x_wconf 88' lang='lat' dir='ltr'><strong>cunr</strong></span> <span class='ocrx_word' id='word_1_85' title='bbox 1525 1979 1710 2075; x_wconf 90' lang='lat' dir='ltr'><strong>genuinus,</strong></span> <span class='ocrx_word' id='word_1_86' title='bbox 1735 1992 1807 2050; x_wconf 90' lang='lat' dir='ltr'><strong>tum</strong></span> <span class='ocrx_word' id='word_1_87' title='bbox 1831 1979 1962 2052; x_wconf 88' lang='lat' dir='ltr'><strong>adulte-</strong></span> 
     </span>
     <span class='ocr_line' id='line_1_11' title="bbox 360 2127 1962 2233; baseline 0.002 -31"><span class='ocrx_word' id='word_1_88' title='bbox 360 2132 478 2224; x_wconf 72' lang='lat' dir='ltr'><strong>rinus,</strong></span> <span class='ocrx_word' id='word_1_89' title='bbox 501 2133 696 2231; x_wconf 80' lang='lat' dir='ltr'><strong>Anonymus</strong></span> <span class='ocrx_word' id='word_1_90' title='bbox 721 2144 838 2203; x_wconf 86' lang='lat' dir='ltr'><strong>auctor·</strong></span> <span class='ocrx_word' id='word_1_91' title='bbox 864 2129 1041 2204; x_wconf 83' lang='lat' dir='ltr'><strong>Tractatus</strong></span> <span class='ocrx_word' id='word_1_92' title='bbox 1063 2130 1105 2203; x_wconf 82' lang='lat' dir='ltr'><strong>dc</strong></span> <span class='ocrx_word' id='word_1_93' title='bbox 1124 2130 1249 2203; x_wconf 83' lang='lat' dir='ltr'><strong>haeresi</strong></span> <span class='ocrx_word' id='word_1_94' title='bbox 1271 2129 1467 2233; x_wconf 83' lang='lat' dir='ltr'><strong>Pauperum</strong></span> <span class='ocrx_word' id='word_1_95' title='bbox 1492 2129 1532 2202; x_wconf 85' lang='lat' dir='ltr'><strong>cle</strong></span> <span class='ocrx_word' id='word_1_96' title='bbox 1553 2127 1745 2228; x_wconf 83' lang='lat' dir='ltr'><strong>Lugduno,</strong></span> <span class='ocrx_word' id='word_1_97' title='bbox 1769 2131 1823 2204; x_wconf 84' lang='lat' dir='ltr'><strong>vel</strong></span> <span class='ocrx_word' id='word_1_98' title='bbox 1847 2133 1962 2231; x_wconf 91' lang='lat' dir='ltr'><strong>potius</strong></span> 
     </span>
     <span class='ocr_line' id='line_1_12' title="bbox 358 2281 1956 2387; baseline -0.003 -26"><span class='ocrx_word' id='word_1_99' title='bbox 358 2285 546 2361; x_wconf 86' lang='lat' dir='ltr'><strong>Monachus</strong></span> <span class='ocrx_word' id='word_1_100' title='bbox 578 2285 810 2358; x_wconf 90' lang='lat' dir='ltr'><strong>dominicanus</strong></span> <span class='ocrx_word' id='word_1_101' title='bbox 839 2308 1046 2361; x_wconf 71' lang='lat' dir='ltr'><strong>uveno&#39;rus</strong></span> <span class='ocrx_word' id='word_1_102' title='bbox 1062 2286 1144 2387; x_wconf 74' lang='lat'><strong>(2),</strong></span> <span class='ocrx_word' id='word_1_103' title='bbox 1174 2305 1355 2375; x_wconf 71' lang='lat' dir='ltr'><strong>Annuus,</strong></span> <span class='ocrx_word' id='word_1_104' title='bbox 1388 2287 1424 2357; x_wconf 91' lang='lat' dir='ltr'><strong>in</strong></span> <span class='ocrx_word' id='word_1_105' title='bbox 1464 2310 1564 2383; x_wconf 90' lang='lat' dir='ltr'><strong>opere</strong></span> <span class='ocrx_word' id='word_1_106' title='bbox 1597 2291 1710 2355; x_wconf 83' lang='lat' dir='ltr'><strong>contra</strong></span> <span class='ocrx_word' id='word_1_107' title='bbox 1738 2281 1956 2372; x_wconf 84' lang='lat' dir='ltr'><strong>Haereticos,</strong></span> 
     </span>
     <span class='ocr_line' id='line_1_13' title="bbox 363 2435 1960 2542; baseline -0.001 -29"><span class='ocrx_word' id='word_1_108' title='bbox 363 2438 574 2531; x_wconf 80' lang='lat' dir='ltr'><strong>Wuldenser,</strong></span> <span class='ocrx_word' id='word_1_109' title='bbox 606 2438 776 2532; x_wconf 78' lang='lat' dir='ltr'><strong>Iudaeos,</strong></span> <span class='ocrx_word' id='word_1_110' title='bbox 809 2439 974 2541; x_wconf 83' lang='lat' dir='ltr'><strong>Pogonus</strong></span> <span class='ocrx_word' id='word_1_111' title='bbox 1002 2440 1084 2542; x_wconf 89' lang='lat'><strong>(3);</strong></span> <span class='ocrx_word' id='word_1_112' title='bbox 1117 2453 1151 2514; x_wconf 88' lang='lat' dir='ltr'><strong>et</strong></span> <span class='ocrx_word' id='word_1_113' title='bbox 1177 2439 1234 2513; x_wconf 88' lang='lat' dir='ltr'><strong>hic</strong></span> <span class='ocrx_word' id='word_1_114' title='bbox 1258 2438 1394 2513; x_wconf 85' lang='lat' dir='ltr'><strong>laudare</strong></span> <span class='ocrx_word' id='word_1_115' title='bbox 1423 2461 1604 2539; x_wconf 87' lang='lat' dir='ltr'><strong>possumus</strong></span> <span class='ocrx_word' id='word_1_116' title='bbox 1631 2435 1749 2508; x_wconf 60' lang='lat' dir='ltr'><strong>taonem</strong></span> <span class='ocrx_word' id='word_1_117' title='bbox 1778 2436 1960 2511; x_wconf 79' lang='lat' dir='ltr'><strong>Sententia-</strong></span> 
     </span>
     <span class='ocr_line' id='line_1_14' title="bbox 360 2576 1958 2696; baseline -0.001 -31"><span class='ocrx_word' id='word_1_118' title='bbox 360 2622 452 2688; x_wconf 82' lang='lat' dir='ltr'><strong>rum,</strong></span> <span class='ocrx_word' id='word_1_119' title='bbox 477 2596 604 2696; x_wconf 87' lang='lat' dir='ltr'><strong>quippe</strong></span> <span class='ocrx_word' id='word_1_120' title='bbox 628 2596 689 2692; x_wconf 93' lang='lat' dir='ltr'><strong>qui</strong></span> <span class='ocrx_word' id='word_1_121' title='bbox 717 2592 927 2667; x_wconf 83' lang='lat' dir='ltr'><strong>Volderrrr‘um</strong></span> <span class='ocrx_word' id='word_1_122' title='bbox 950 2576 1240 2694; x_wconf 39' lang='lat' dir='ltr'><strong>opiniones&#39;haud</strong></span> <span class='ocrx_word' id='word_1_123' title='bbox 1261 2619 1340 2667; x_wconf 88' lang='lat' dir='ltr'><strong>raro</strong></span> <span class='ocrx_word' id='word_1_124' title='bbox 1362 2593 1546 2667; x_wconf 89' lang='lat' dir='ltr'><strong>lectoribus</strong></span> <span class='ocrx_word' id='word_1_125' title='bbox 1573 2592 1757 2691; x_wconf 86' lang='lat' dir='ltr'><strong>proponit,</strong></span> <span class='ocrx_word' id='word_1_126' title='bbox 1781 2615 1838 2664; x_wconf 88' lang='lat' dir='ltr'><strong>eos</strong></span> <span class='ocrx_word' id='word_1_127' title='bbox 1867 2616 1958 2664; x_wconf 88' lang='lat' dir='ltr'><strong>scm-</strong></span> 
     </span>
     <span class='ocr_line' id='line_1_15' title="bbox 356 2746 1267 2848; baseline 0.001 -27"><span class='ocrx_word' id='word_1_128' title='bbox 356 2774 417 2848; x_wconf 88' lang='lat' dir='ltr'><strong>per</strong></span> <span class='ocrx_word' id='word_1_129' title='bbox 441 2749 645 2822; x_wconf 90' lang='lat' dir='ltr'><strong>nominatim</strong></span> <span class='ocrx_word' id='word_1_130' title='bbox 671 2746 862 2822; x_wconf 88' lang='lat' dir='ltr'><strong>discernens</strong></span> <span class='ocrx_word' id='word_1_131' title='bbox 886 2775 904 2820; x_wconf 92' lang='lat' dir='ltr'><strong>a</strong></span> <span class='ocrx_word' id='word_1_132' title='bbox 929 2750 1046 2822; x_wconf 87' lang='lat' dir='ltr'><strong>ceteris</strong></span> <span class='ocrx_word' id='word_1_133' title='bbox 1070 2747 1267 2823; x_wconf 80' lang='lat' dir='ltr'><strong>Haereticis.</strong></span> 
     </span>
     <span class='ocr_line' id='line_1_16' title="bbox 408 2896 1959 3007; baseline -0.003 -33"><span class='ocrx_word' id='word_1_134' title='bbox 408 2902 489 2974; x_wconf 85' lang='lat' dir='ltr'><strong>Janr</strong></span> <span class='ocrx_word' id='word_1_135' title='bbox 519 2902 546 2972; x_wconf 92' lang='lat' dir='ltr'><strong>si</strong></span> <span class='ocrx_word' id='word_1_136' title='bbox 579 2900 662 2974; x_wconf 84' lang='lat' dir='ltr'><strong>haec</strong></span> <span class='ocrx_word' id='word_1_137' title='bbox 699 2904 825 2999; x_wconf 87' lang='lat' dir='ltr'><strong>scripta</strong></span> <span class='ocrx_word' id='word_1_138' title='bbox 850 2901 894 2974; x_wconf 91' lang='lat' dir='ltr'><strong>ad</strong></span> <span class='ocrx_word' id='word_1_139' title='bbox 916 2906 1203 3002; x_wconf 77' lang='lat' dir='ltr'><strong>computationem</strong></span> <span class='ocrx_word' id='word_1_140' title='bbox 1228 2902 1414 2975; x_wconf 84' lang='lat' dir='ltr'><strong>faciendam</strong></span> <span class='ocrx_word' id='word_1_141' title='bbox 1438 2900 1658 3007; x_wconf 85' lang='lat' dir='ltr'><strong>adhibemus,</strong></span> <span class='ocrx_word' id='word_1_142' title='bbox 1685 2896 1861 2970; x_wconf 82' lang='lat' dir='ltr'><strong>Voldcnses</strong></span> <span class='ocrx_word' id='word_1_143' title='bbox 1883 2922 1959 2970; x_wconf 87' lang='lat' dir='ltr'><strong>eus-</strong></span> 
     </span>
     <span class='ocr_line' id='line_1_17' title="bbox 355 3051 1960 3156; baseline -0.003 -27"><span class='ocrx_word' id='word_1_144' title='bbox 355 3053 438 3129; x_wconf 76' lang='lat' dir='ltr'><strong>&#39;dem</strong></span> <span class='ocrx_word' id='word_1_145' title='bbox 469 3078 566 3151; x_wconf 85' lang='lat' dir='ltr'><strong>saepe</strong></span> <span class='ocrx_word' id='word_1_146' title='bbox 600 3055 837 3126; x_wconf 87' lang='lat' dir='ltr'><strong>Romanorum</strong></span> <span class='ocrx_word' id='word_1_147' title='bbox 864 3052 1034 3128; x_wconf 89' lang='lat' dir='ltr'><strong>doctrinas</strong></span> <span class='ocrx_word' id='word_1_148' title='bbox 1061 3081 1237 3156; x_wconf 84' lang='lat' dir='ltr'><strong>aggressos</strong></span> <span class='ocrx_word' id='word_1_149' title='bbox 1264 3080 1335 3128; x_wconf 86' lang='lat' dir='ltr'><strong>esse</strong></span> <span class='ocrx_word' id='word_1_150' title='bbox 1362 3055 1537 3146; x_wconf 87' lang='lat' dir='ltr'><strong>videmus,</strong></span> <span class='ocrx_word' id='word_1_151' title='bbox 1562 3079 1647 3156; x_wconf 89' lang='lat' dir='ltr'><strong>quas</strong></span> <span class='ocrx_word' id='word_1_152' title='bbox 1673 3051 1865 3151; x_wconf 84' lang='lat' dir='ltr'><strong>Alhigenses</strong></span> <span class='ocrx_word' id='word_1_153' title='bbox 1893 3077 1960 3150; x_wconf 91' lang='lat' dir='ltr'><strong>op·</strong></span> 
     </span>
     <span class='ocr_line' id='line_1_18' title="bbox 290 3200 1958 3308; baseline 0.001 -31"><span class='ocrx_word' id='word_1_154' title='bbox 290 3200 292 3204; x_wconf 45' lang='lat'><em>&#39;</em></span> <span class='ocrx_word' id='word_1_155' title='bbox 357 3216 546 3305; x_wconf 85' lang='lat' dir='ltr'><strong>pugnantes</strong></span> <span class='ocrx_word' id='word_1_156' title='bbox 572 3204 783 3282; x_wconf 87' lang='lat' dir='ltr'><strong>inducantur.</strong></span> <span class='ocrx_word' id='word_1_157' title='bbox 833 3208 954 3300; x_wconf 85' lang='lat' dir='ltr'><strong>Quid?</strong></span> <span class='ocrx_word' id='word_1_158' title='bbox 980 3209 1071 3308; x_wconf 88' lang='lat' dir='ltr'><strong>qnod</strong></span> <span class='ocrx_word' id='word_1_159' title='bbox 1099 3209 1165 3283; x_wconf 91' lang='lat' dir='ltr'><strong>hoc</strong></span> <span class='ocrx_word' id='word_1_160' title='bbox 1190 3211 1224 3283; x_wconf 93' lang='lat' dir='ltr'><strong>in</strong></span> <span class='ocrx_word' id='word_1_161' title='bbox 1247 3210 1429 3283; x_wconf 84' lang='lat' dir='ltr'><strong>certamine</strong></span> <span class='ocrx_word' id='word_1_162' title='bbox 1453 3208 1536 3281; x_wconf 89' lang='lat' dir='ltr'><strong>adeo</strong></span> <span class='ocrx_word' id='word_1_163' title='bbox 1561 3232 1673 3281; x_wconf 90' lang='lat' dir='ltr'><strong>secum</strong></span> <span class='ocrx_word' id='word_1_164' title='bbox 1702 3207 1849 3280; x_wconf 85' lang='lat' dir='ltr'><strong>invicem</strong></span> <span class='ocrx_word' id='word_1_165' title='bbox 1872 3231 1958 3279; x_wconf 93' lang='lat' dir='ltr'><strong>con-</strong></span> 
     </span>
     <span class='ocr_line' id='line_1_19' title="bbox 360 3358 1956 3462; baseline 0 -28"><span class='ocrx_word' id='word_1_166' title='bbox 360 3360 475 3434; x_wconf 79' lang='lat' dir='ltr'><strong>venire</strong></span> <span class='ocrx_word' id='word_1_167' title='bbox 503 3358 821 3458; x_wconf 87' lang='lat' dir='ltr'><strong>deprehenduntur,</strong></span> <span class='ocrx_word' id='word_1_168' title='bbox 843 3373 880 3434; x_wconf 89' lang='lat' dir='ltr'><strong>ut</strong></span> <span class='ocrx_word' id='word_1_169' title='bbox 901 3361 1020 3436; x_wconf 90' lang='lat' dir='ltr'><strong>iisdem</strong></span> <span class='ocrx_word' id='word_1_170' title='bbox 1045 3365 1122 3462; x_wconf 91' lang='lat' dir='ltr'><strong>plus</strong></span> <span class='ocrx_word' id='word_1_171' title='bbox 1147 3365 1248 3438; x_wconf 87' lang='lat' dir='ltr'><strong>semel</strong></span> <span class='ocrx_word' id='word_1_172' title='bbox 1273 3378 1410 3438; x_wconf 87' lang='lat' dir='ltr'><strong>utantur</strong></span> <span class='ocrx_word' id='word_1_173' title='bbox 1432 3361 1545 3440; x_wconf 80' lang='lat' dir='ltr'><strong>verbis</strong></span> <span class='ocrx_word' id='word_1_174' title='bbox 1572 3376 1606 3435; x_wconf 90' lang='lat' dir='ltr'><strong>et</strong></span> <span class='ocrx_word' id='word_1_175' title='bbox 1631 3359 1792 3460; x_wconf 90' lang='lat' dir='ltr'><strong>loquendi</strong></span> <span class='ocrx_word' id='word_1_176' title='bbox 1821 3359 1956 3434; x_wconf 86' lang='lat' dir='ltr'><strong>formu-</strong></span> 
     </span>
    </p>
   </div>
   <div class='ocr_carea' id='block_1_3' title="bbox 359 3512 1343 3617">
    <p class='ocr_par' dir='ltr' id='par_1_3' title="bbox 359 3512 1343 3617">
     <span class='ocr_line' id='line_1_20' title="bbox 359 3512 1343 3617; baseline 0.007 -33"><span class='ocrx_word' id='word_1_177' title='bbox 359 3513 413 3589; x_wconf 87' lang='lat' dir='ltr'><strong>lis.</strong></span> <span class='ocrx_word' id='word_1_178' title='bbox 461 3512 633 3589; x_wconf 83' lang='lat' dir='ltr'><strong>Nonnulla</strong></span> <span class='ocrx_word' id='word_1_179' title='bbox 657 3515 752 3605; x_wconf 92' lang='lat' dir='ltr'><strong>loca,</strong></span> <span class='ocrx_word' id='word_1_180' title='bbox 777 3518 854 3614; x_wconf 89' lang='lat' dir='ltr'><strong>age!</strong></span> <span class='ocrx_word' id='word_1_181' title='bbox 879 3517 914 3589; x_wconf 93' lang='lat' dir='ltr'><strong>in</strong></span> <span class='ocrx_word' id='word_1_182' title='bbox 943 3516 1092 3607; x_wconf 82' lang='lat' dir='ltr'><strong>mediunr</strong></span> <span class='ocrx_word' id='word_1_183' title='bbox 1114 3517 1343 3617; x_wconf 86' lang='lat' dir='ltr'><strong>proferamus!</strong></span> 
     </span>
    </p>
   </div>
   <div class='ocr_carea' id='block_1_4' title="bbox 407 3642 1954 3772">
    <p class='ocr_par' dir='ltr' id='par_1_4' title="bbox 407 3642 1954 3772">
     <span class='ocr_line' id='line_1_21' title="bbox 407 3642 1954 3772; baseline -0.007 -28"><span class='ocrx_word' id='word_1_184' title='bbox 407 3665 598 3768; x_wconf 74' lang='lat' dir='ltr'><strong>Albiqenscs</strong></span> <span class='ocrx_word' id='word_1_185' title='bbox 621 3678 749 3769; x_wconf 87' lang='lat' dir='ltr'><strong>quanto</strong></span> <span class='ocrx_word' id='word_1_186' title='bbox 772 3667 851 3743; x_wconf 91' lang='lat' dir='ltr'><strong>odio</strong></span> <span class='ocrx_word' id='word_1_187' title='bbox 870 3669 1049 3747; x_wconf 85' lang='lat' dir='ltr'><strong>habuerint</strong></span> <span class='ocrx_word' id='word_1_188' title='bbox 1068 3671 1252 3747; x_wconf 81' lang='lat' dir='ltr'><strong>Ecclesiam</strong></span> <span class='ocrx_word' id='word_1_189' title='bbox 1275 3674 1468 3748; x_wconf 85' lang='lat' dir='ltr'><strong>Romanum</strong></span> <span class='ocrx_word' id='word_1_190' title='bbox 1490 3672 1628 3772; x_wconf 84' lang='lat' dir='ltr'><strong>ejusque</strong></span> <span class='ocrx_word' id='word_1_191' title='bbox 1647 3642 1840 3742; x_wconf 51' lang='lat' dir='ltr'><strong>rectores&#39;et</strong></span> <span class='ocrx_word' id='word_1_192' title='bbox 1853 3664 1954 3764; x_wconf 87' lang='lat' dir='ltr'><strong>prin-</strong></span> 
     </span>
    </p>
   </div>
   <div class='ocr_carea' id='block_1_5' title="bbox 384 4174 1960 4700">
    <p class='ocr_par' dir='ltr' id='par_1_5' title="bbox 386 4174 1960 4520">
     <span class='ocr_line' id='line_1_22' title="bbox 386 4174 1960 4249; baseline 0.001 -24"><span class='ocrx_word' id='word_1_193' title='bbox 386 4174 425 4240; x_wconf 86' lang='lat' dir='ltr'><strong>(l)</strong></span> <span class='ocrx_word' id='word_1_194' title='bbox 443 4176 482 4226; x_wconf 79' lang='lat' dir='ltr'><strong>cl.</strong></span> <span class='ocrx_word' id='word_1_195' title='bbox 503 4191 623 4226; x_wconf 76' lang='lat' dir='ltr'><strong>rinnoncu</strong></span> <span class='ocrx_word' id='word_1_196' title='bbox 643 4175 675 4226; x_wconf 83' lang='lat' dir='ltr'><strong>ab</strong></span> <span class='ocrx_word' id='word_1_197' title='bbox 694 4177 752 4229; x_wconf 85' lang='lat' dir='ltr'><strong>init.</strong></span> <span class='ocrx_word' id='word_1_198' title='bbox 773 4179 853 4244; x_wconf 82' lang='lat' dir='ltr'><strong>prael.</strong></span> <span class='ocrx_word' id='word_1_199' title='bbox 876 4180 1033 4231; x_wconf 79' lang='lat' dir='ltr'><strong>linbuntur</strong></span> <span class='ocrx_word' id='word_1_200' title='bbox 1051 4183 1157 4234; x_wconf 76' lang='lat' dir='ltr'><strong>sortasse</strong></span> <span class='ocrx_word' id='word_1_201' title='bbox 1176 4187 1308 4249; x_wconf 86' lang='lat' dir='ltr'><strong>nonnulli,</strong></span> <span class='ocrx_word' id='word_1_202' title='bbox 1332 4187 1433 4237; x_wconf 80' lang='lat' dir='ltr'><strong>silentio</strong></span> <span class='ocrx_word' id='word_1_203' title='bbox 1454 4202 1468 4235; x_wconf 84' lang='grc' dir='ltr'>ι</span> <span class='ocrx_word' id='word_1_204' title='bbox 1488 4181 1563 4233; x_wconf 80' lang='lat' dir='ltr'><strong>nobis</strong></span> <span class='ocrx_word' id='word_1_205' title='bbox 1583 4179 1714 4247; x_wconf 81' lang='lat' dir='ltr'><strong>praeteriri</strong></span> <span class='ocrx_word' id='word_1_206' title='bbox 1733 4190 1807 4228; x_wconf 77' lang='lat' dir='ltr'><strong>tren</strong></span> <span class='ocrx_word' id='word_1_207' title='bbox 1831 4177 1960 4227; x_wconf 68' lang='lat' dir='ltr'><strong>Turiensi·</strong></span> 
     </span>
     <span class='ocr_line' id='line_1_23' title="bbox 445 4265 1955 4338; baseline 0.002 -25"><span class='ocrx_word' id='word_1_208' title='bbox 445 4265 527 4314; x_wconf 80' lang='lat' dir='ltr'><strong>libror</strong></span> <span class='ocrx_word' id='word_1_209' title='bbox 541 4272 595 4315; x_wconf 83' lang='lat' dir='ltr'><strong>tm</strong></span> <span class='ocrx_word' id='word_1_210' title='bbox 612 4268 740 4316; x_wconf 64' lang='lat' dir='ltr'><strong>deerret</strong></span> <span class='ocrx_word' id='word_1_211' title='bbox 756 4269 937 4335; x_wconf 65' lang='lat' dir='ltr'><strong>diligentium</strong></span> <span class='ocrx_word' id='word_1_212' title='bbox 954 4287 1059 4322; x_wconf 77' lang='lat' dir='ltr'><strong>morer</strong></span> <span class='ocrx_word' id='word_1_213' title='bbox 1079 4276 1110 4324; x_wconf 73' lang='lat' dir='ltr'><strong>in</strong></span> <span class='ocrx_word' id='word_1_214' title='bbox 1134 4274 1202 4326; x_wconf 75' lang='lat' dir='ltr'><strong>ortt.</strong></span> <span class='ocrx_word' id='word_1_215' title='bbox 1223 4277 1346 4326; x_wconf 69' lang='lat' dir='ltr'><strong>Putrem.</strong></span> <span class='ocrx_word' id='word_1_216' title='bbox 1369 4278 1438 4326; x_wconf 85' lang='lat' dir='ltr'><strong>Tom.</strong></span> <span class='ocrx_word' id='word_1_217' title='bbox 1458 4273 1532 4325; x_wconf 74' lang='lat' dir='ltr'><strong>XXV.</strong></span> <span class='ocrx_word' id='word_1_218' title='bbox 1554 4287 1580 4338; x_wconf 84' lang='lat' dir='ltr'><strong>p.</strong></span> <span class='ocrx_word' id='word_1_219' title='bbox 1605 4272 1654 4320; x_wconf 76' lang='lat'><strong>193</strong></span> <span class='ocrx_word' id='word_1_220' title='bbox 1675 4285 1732 4334; x_wconf 78' lang='lat' dir='ltr'><strong>sqq.</strong></span> <span class='ocrx_word' id='word_1_221' title='bbox 1753 4273 1780 4317; x_wconf 84' lang='lat' dir='ltr'><strong>at</strong></span> <span class='ocrx_word' id='word_1_222' title='bbox 1797 4269 1845 4318; x_wconf 78' lang='lat' dir='ltr'><strong>alia</strong></span> <span class='ocrx_word' id='word_1_223' title='bbox 1862 4268 1955 4331; x_wconf 78' lang='lat' dir='ltr'><strong>scriptu</strong></span> 
     </span>
     <span class='ocr_line' id='line_1_24' title="bbox 447 4355 1959 4431; baseline 0.004 -30"><span class='ocrx_word' id='word_1_224' title='bbox 447 4355 546 4404; x_wconf 77' lang='lat' dir='ltr'><strong>similis.</strong></span> <span class='ocrx_word' id='word_1_225' title='bbox 584 4355 632 4404; x_wconf 75' lang='lat' dir='ltr'><strong>Sed</strong></span> <span class='ocrx_word' id='word_1_226' title='bbox 648 4356 744 4406; x_wconf 76' lang='lat' dir='ltr'><strong>hoedo</strong></span> <span class='ocrx_word' id='word_1_227' title='bbox 761 4357 884 4410; x_wconf 76' lang='lat' dir='ltr'><strong>industria</strong></span> <span class='ocrx_word' id='word_1_228' title='bbox 900 4361 996 4410; x_wconf 78' lang='lat' dir='ltr'><strong>laetum</strong></span> <span class='ocrx_word' id='word_1_229' title='bbox 1013 4378 1082 4422; x_wconf 60' lang='lat' dir='ltr'><strong>oue,</strong></span> <span class='ocrx_word' id='word_1_230' title='bbox 1103 4379 1135 4413; x_wconf 83' lang='lat' dir='ltr'><strong>ne</strong></span> <span class='ocrx_word' id='word_1_231' title='bbox 1150 4365 1294 4414; x_wconf 78' lang='lat' dir='ltr'><strong>confusioni</strong></span> <span class='ocrx_word' id='word_1_232' title='bbox 1308 4366 1509 4431; x_wconf 82' lang='lat' dir='ltr'><strong>implicaremur,</strong></span> <span class='ocrx_word' id='word_1_233' title='bbox 1528 4378 1604 4426; x_wconf 82' lang='lat' dir='ltr'><strong>quam</strong></span> <span class='ocrx_word' id='word_1_234' title='bbox 1621 4358 1792 4423; x_wconf 71' lang='lat' dir='ltr'><strong>distinguendi</strong></span> <span class='ocrx_word' id='word_1_235' title='bbox 1806 4356 1959 4420; x_wconf 69' lang='lat' dir='ltr'><strong>negligentia</strong></span> 
     </span>
     <span class='ocr_line' id='line_1_25' title="bbox 446 4442 1802 4520; baseline 0.01 -27"><span class='ocrx_word' id='word_1_236' title='bbox 446 4442 495 4493; x_wconf 82' lang='lat' dir='ltr'><strong>ribi</strong></span> <span class='ocrx_word' id='word_1_237' title='bbox 511 4449 664 4508; x_wconf 80' lang='lat' dir='ltr'><strong>pepererunt</strong></span> <span class='ocrx_word' id='word_1_238' title='bbox 680 4447 748 4496; x_wconf 79' lang='lat' dir='ltr'><strong>haud</strong></span> <span class='ocrx_word' id='word_1_239' title='bbox 765 4450 904 4513; x_wconf 76' lang='lat' dir='ltr'><strong>pauciriri</strong></span> <span class='ocrx_word' id='word_1_240' title='bbox 921 4450 1008 4511; x_wconf 88' lang='lat' dir='ltr'><strong>docti,</strong></span> <span class='ocrx_word' id='word_1_241' title='bbox 1028 4451 1193 4517; x_wconf 84' lang='lat' dir='ltr'><strong>probabitur,</strong></span> <span class='ocrx_word' id='word_1_242' title='bbox 1213 4454 1253 4502; x_wconf 88' lang='lat' dir='ltr'><strong>uti</strong></span> <span class='ocrx_word' id='word_1_243' title='bbox 1269 4471 1359 4520; x_wconf 73' lang='lat' dir='ltr'><strong>spero,</strong></span> <span class='ocrx_word' id='word_1_244' title='bbox 1379 4457 1426 4516; x_wconf 84' lang='lat' dir='ltr'><strong>iir,</strong></span> <span class='ocrx_word' id='word_1_245' title='bbox 1446 4469 1511 4518; x_wconf 79' lang='lat' dir='ltr'><strong>quae</strong></span> <span class='ocrx_word' id='word_1_246' title='bbox 1529 4452 1594 4501; x_wconf 79' lang='lat' dir='ltr'><strong>inira</strong></span> <span class='ocrx_word' id='word_1_247' title='bbox 1611 4449 1802 4515; x_wconf 60' lang='lat' dir='ltr'><strong>disputabimus.</strong></span> 
     </span>
    </p>

    <p class='ocr_par' dir='ltr' id='par_1_6' title="bbox 384 4529 1949 4611">
     <span class='ocr_line' id='line_1_26' title="bbox 384 4529 1949 4611; baseline 0.008 -34"><span class='ocrx_word' id='word_1_248' title='bbox 384 4530 424 4599; x_wconf 64' lang='lat'><strong>(3)</strong></span> <span class='ocrx_word' id='word_1_249' title='bbox 441 4531 617 4596; x_wconf 71' lang='lat' dir='ltr'><strong>d&#39;Arqentrt,</strong></span> <span class='ocrx_word' id='word_1_250' title='bbox 640 4535 764 4587; x_wconf 74' lang='lat' dir='ltr'><strong>collectio</strong></span> <span class='ocrx_word' id='word_1_251' title='bbox 781 4536 952 4590; x_wconf 67' lang='lat' dir='ltr'><strong>lautum</strong></span> <span class='ocrx_word' id='word_1_252' title='bbox 969 4542 1004 4591; x_wconf 74' lang='lat' dir='ltr'><strong>de</strong></span> <span class='ocrx_word' id='word_1_253' title='bbox 1018 4544 1095 4593; x_wconf 77' lang='lat' dir='ltr'><strong>noeis</strong></span> <span class='ocrx_word' id='word_1_254' title='bbox 1112 4542 1257 4597; x_wconf 61' lang='lat' dir='ltr'><strong>«frontus.</strong></span> <span class='ocrx_word' id='word_1_255' title='bbox 1294 4544 1364 4599; x_wconf 80' lang='lat' dir='ltr'><strong>Turn.</strong></span> <span class='ocrx_word' id='word_1_256' title='bbox 1383 4546 1406 4595; x_wconf 85' lang='lat'><strong>1.</strong></span> <span class='ocrx_word' id='word_1_257' title='bbox 1424 4561 1451 4611; x_wconf 86' lang='lat' dir='ltr'><strong>p.</strong></span> <span class='ocrx_word' id='word_1_258' title='bbox 1469 4544 1512 4596; x_wconf 73' lang='lat'><strong>96.</strong></span> <span class='ocrx_word' id='word_1_259' title='bbox 1533 4543 1568 4598; x_wconf 78' lang='lat' dir='ltr'><strong>cl.</strong></span> <span class='ocrx_word' id='word_1_260' title='bbox 1588 4529 1731 4592; x_wconf 70' lang='lat' dir='ltr'><strong>rcrnortn&#39;.</strong></span> <span class='ocrx_word' id='word_1_261' title='bbox 1751 4538 1770 4588; x_wconf 84' lang='lat' dir='ltr'><strong>t.</strong></span> <span class='ocrx_word' id='word_1_262' title='bbox 1790 4552 1811 4587; x_wconf 88' lang='lat' dir='ltr'><strong>c.</strong></span> <span class='ocrx_word' id='word_1_263' title='bbox 1831 4550 1862 4601; x_wconf 76' lang='lat' dir='ltr'><strong>p.</strong></span> <span class='ocrx_word' id='word_1_264' title='bbox 1876 4533 1949 4590; x_wconf 73' lang='lat'><strong>552..</strong></span> 
     </span>
    </p>

    <p class='ocr_par' dir='ltr' id='par_1_7' title="bbox 385 4619 1156 4700">
     <span class='ocr_line' id='line_1_27' title="bbox 385 4619 1156 4700; baseline 0.029 -33"><span class='ocrx_word' id='word_1_265' title='bbox 385 4619 424 4695; x_wconf 70' lang='lat' dir='ltr'><strong>(tt)</strong></span> <span class='ocrx_word' id='word_1_266' title='bbox 443 4620 496 4671; x_wconf 81' lang='lat' dir='ltr'><strong>Lib.</strong></span> <span class='ocrx_word' id='word_1_267' title='bbox 516 4622 552 4673; x_wconf 88' lang='lat'><strong>11.</strong></span> <span class='ocrx_word' id='word_1_268' title='bbox 571 4625 699 4674; x_wconf 69' lang='lat' dir='ltr'><strong>adversm</strong></span> <span class='ocrx_word' id='word_1_269' title='bbox 717 4626 873 4686; x_wconf 68' lang='lat' dir='ltr'><strong>ll&#39;oldenrcr.</strong></span> <span class='ocrx_word' id='word_1_270' title='bbox 910 4632 1028 4698; x_wconf 75' lang='lat' dir='ltr'><strong>operum.</strong></span> <span class='ocrx_word' id='word_1_271' title='bbox 1047 4649 1075 4700; x_wconf 83' lang='lat' dir='ltr'><strong>p.</strong></span> <span class='ocrx_word' id='word_1_272' title='bbox 1094 4633 1156 4694; x_wconf 54' lang='grc' dir='ltr'><strong>Ἀθ.</strong></span> 
     </span>
    </p>
   </div>
   <div class='ocr_carea' id='block_1_6' title="bbox 0 0 2326 6224">
    <p class='ocr_par' dir='ltr' id='par_1_8' title="bbox 0 0 2326 6224">
     <span class='ocr_line' id='line_1_28' title="bbox 0 0 2326 6224; baseline 0 14"><span class='ocrx_word' id='word_1_273' title='bbox 0 0 2326 6224; x_wconf 95' lang='lat' dir='ltr'><strong> </strong></span> 
     </span>
    </p>
   </div>
  </div>
 </body>
</html>
