4642 6224
965 443 1110 531 ’105

271 747 331 820 stri
355 743 467 845 posita
482 741 554 843 (l).
591 742 650 814 ‘Et
668 738 718 811 uti
741 733 833 810 baud
856 733 971 808 infelix
996 732 1201 836 Albigcsmm
1225 734 1260 807 in
1284 736 1416 835 juribus
1440 740 1509 811 suis
1534 737 1763 836 vindicandis,
1784 758 1859 820 eta

272 900 347 975 sede
365 897 541 975 Pontificis
559 893 707 970 Romani
730 891 891 965 remotius
908 902 1001 985 ernt3
1025 889 1072 962 ita
1096 887 1149 991 bis
1169 889 1268 963 donis
1290 889 1494 995 dotibusque
1511 894 1650 996 largiter
1672 896 1857 974 fruebatur.

266 1055 353 1150 Quis
374 1052 480 1154 igitur
508 1050 672 1139 miretur,
694 1048 767 1146 ejus
791 1044 918 1119 incolas
952 1043 1192 1135 catharorum,
1218 1045 1260 1117 ad
1285 1070 1371 1144 quos
1396 1047 1604 1146 recipiendos
1617 1032 1638 1140 ,⁵
1651 1053 1721 1149 jam
1745 1053 1856 1126 seculo
1936 1070 1939 1075 '

266 1208 456 1309 superiore,
470 1202 723 1279 flammeorum
736 1201 912 1292 variorum
925 1224 1027 1298 opera
1041 1199 1229 1300 praeparati
1241 1212 1369 1290 essent,
1383 1201 1544 1274 exstitisse
1558 1201 1732 1280 fautores?
1759 1205 1857 1297 Quis

268 1362 400 1437 credere
415 1359 520 1452 nolit,
534 1356 698 1433 cataros
711 1354 806 1444 illos,
827 1379 905 1427 cum
921 1353 1106 1428 Ecclesiam
1122 1355 1282 1426 acerrime
1303 1367 1554 1454 oppugnarent,
1576 1368 1611 1428 et
1631 1356 1754 1456 placita
1771 1384 1855 1457 pra·

268 1521 363 1595 viora
380 1529 439 1589 aut
460 1513 554 1590 suavi
576 1536 729 1586 sermone
750 1507 978 1600 occultarent,
999 1522 1057 1582 aut
1074 1507 1164 1585 veris
1177 1518 1211 1580 et
1226 1506 1411 1605 probandis
1422 1508 1585 1583 doctrinis
1601 1511 1853 1610 quodammodo

263 1680 535 1772 compensarent,
550 1667 597 1739 ibi
611 1666 756 1765 benigne
770 1676 925 1763 acceptos
938 1688 1026 1755 esse,
1044 1661 1235 1761 multosque
1251 1663 1315 1736 sibi
1330 1677 1509 1737 sectatores
1521 1654 1768 1766 congregasse?
1787 1667 1852 1742 Sed

264 1823 348 1924 qnid
368 1823 559 1918 ratiocinari
582 1820 754 1924 pergam?
790 1817 891 1893 Hand
905 1843 1032 1920 paucos
1049 1817 1271 1892 Cutboromm
1287 1819 1398 1891 seculo
1412 1821 1487 1893 XII
1504 1820 1538 1892 in
1559 1820 1703 1893 Galliam
1715 1819 1853 1896 Narbo-
1952 1792 1954 1798 Ι

262 2005 388 2053 oensem
408 1979 536 2056 venisse
558 1991 722 2052 testantur
742 1974 1009 2078 quaerimoniae,
1034 1971 1076 2045 de
1094 1972 1204 2044 turbis
1216 1997 1338 2046 eorum
1351 1974 1672 2048 increbrescentibus
1691 1975 1852 2078 frequen-

260 2148 311 2208 ter
323 2134 449 2226 editae,
467 2135 517 2208 uti
530 2145 564 2209 et
582 2134 706 2209 diserta
720 2144 874 2209 veterum
889 2128 1092 2228 scriptorum
1108 2126 1212 2203 verba
1226 2126 1297 2226 (2).
1346 2129 1432 2201 Etsi
1446 2127 1598 2228 plerique
1611 2152 1749 2221 eorum,
1764 2156 1854 2230 quo.

155 2335 160 2343 ·
261 2312 337 2363 rum
355 2294 458 2364 causa'
469 2289 512 2362 ab
528 2310 616 2360 anno
630 2286 787 2361 MCCIX
802 2309 908 2384 nsque
922 2280 966 2353 ad
979 2283 1208 2384 Mccxxtx
1222 2282 1259 2354 in
1273 2282 1443 2384 Albtgcsio
1457 2285 1561 2358 armis
1574 2285 1775 2387 decertatum
1789 2300 1856 2377 est,

260 2455 298 2514 ut
318 2443 399 2514 satis
426 2451 519 2512 certo
546 2449 698 2528 constat,
733 2434 874 2512 Collati
896 2434 1032 2508 fuerunt
1044 2461 1056 2530 3
1090 2461 1143 2507 res
1166 2436 1241 2536 ipsa
1268 2435 1439 2536 loquitur,
1464 2439 1633 2538 ingentem
1660 2439 1709 2512 ibi
1728 2439 1853 2516 horum

260 2594 513 2669 Haeuoorum
549 2591 652 2665 fuisse
688 2614 880 2664 numerum.
928 2587 1092 2662 Similiter
1124 2612 1186 2686 per
1221 2591 1332 2664 verim
1360 2603 1466 2663 terras
1495 2591 1669 2691 insigniter
1697 2620 1854 2671 accreve-

261 2762 360 2840 runt,
394 2761 432 2821 ut
463 2745 559 2821 iocus
594 2745 692 2820 docet
728 2765 947 2818 curmanarr
984 2740 1236 2843 Neubn'gensis,
1273 2741 1330 2817 hic
1360 2745 1485 2817 iterum
1515 2742 1770 2819 describendus:
1810 2745 1855 2819 In

259 2902 322 2975 iilis
347 2901 458 2976 diebus
480 2905 587 3002 (anno
611 2898 766 2996 MCLX)
785 2895 914 2970 mosei
935 2895 1068 2995 porilem
1087 2902 1239 2968 oenomai
1258 2894 1291 2966 in
1315 2894 1473 2997 Angitiam
1498 2920 1695 2990 mennam,
1723 2905 1759 2971 ut
1778 2924 1854 2972 ore·

259 3055 368 3148 ditor,
394 3080 531 3156 genere,
548 3077 647 3155 paros
674 3051 774 3151 uulgo
797 3048 999 3124 Publicanos
1026 3057 1151 3125 vocant.
1200 3047 1259 3122 Hi
1279 3050 1429 3124 miru‘mm
1451 3075 1494 3124 ea
1518 3052 1684 3126 Goscom'o
1706 3051 1854 3128 Mortes

260 3209 437 3311 ms'ginon,
476 3206 661 3308 reginaudus
687 3204 835 3311 plumbus
871 3205 961 3278 vinu
993 3230 1071 3279 suae
1090 3203 1301 3305 ,pertinaciae
1331 3204 1518 3303 infitdenmi
1529 3259 1541 3298 ,
1576 3205 1695 3310 qnippe
1729 3206 1764 3279 in
1799 3206 1853 3280 lu-

259 3362 386 3435 tissimis
420 3360 567 3452 Gallice,
603 3358 721 3433 ltaliae
748 3360 1006 3462 Germaniaeque
1028 3359 1236 3450 Provinciis,
1268 3368 1335 3433 tum
1358 3360 1452 3433 noelli
1475 3386 1515 3433 ea
1540 3367 1628 3463 peste
1654 3359 1764 3458 infecti
1785 3386 1851 3435 esse

121 3512 127 3523 '
257 3514 430 3608 dimum,
446 3521 499 3587 -ui
535 3512 723 3587 comodum·
743 3513 949 3620 Prophetiam
981 3514 1273 3617 multiplicatione
1301 3540 1399 3619 super
1424 3536 1592 3589 nummum
1617 3501 1736 3590 armoe
1760 3514 1852 3589 vide-

250 3962 253 3967 .
285 3991 324 4056 (1)
341 3989 413 4040 iiand
428 3996 521 4042 temere
538 3993 638 4059 scripsit
657 4006 803 4043 surerenas
821 3994 854 4042 ds
871 3993 955 4043 Pedio
970 3992 1115 4046 Imus-ostii
1130 4010 1157 4061 p.
1178 3993 1239 4047 958.
1258 4000 1291 4044 ast
1305 3994 1493 4061 intelligutur,
1512 4008 1591 4059 quous
1604 3993 1755 4060 periculose
1772 3995 1854 4047 Pras·

345 4080 463 4129 lotorum
485 4088 701 4132 contemneretur
726 4084 880 4133 authoritas
905 4098 934 4134 ao
957 4089 1090 4149 tompore,
1119 4086 1183 4135 dun
1207 4084 1317 4135 cuilibet
1342 4086 1449 4135 licitene
1477 4091 1544 4134 esset
1572 4086 1683 4148 rupem
1710 4086 1855 4150 quamlibet
1993 4092 1995 4096 ‘

346 4176 444 4219 asciam
465 4169 578 4236 stipere,
604 4174 721 4238 roseros»
741 4175 812 4238 quod
831 4175 926 4225 audivi
944 4181 1100 4224 novantem
1124 4179 1176 4225 etc.
1211 4175 1337 4238 Quantum
1354 4179 1439 4226 sutem
1458 4173 1628 4224 umanum
1648 4173 1850 4236 tnx‚·et1iter-

346 4261 406 4309 tatis
425 4274 485 4309 usus
505 4260 690 4311 contribuerint
707 4261 739 4311 sd
761 4264 905 4323 Cotboros,
926 4268 953 4314 et
972 4264 1048 4324 aiibi,
1069 4266 1142 4316 etin
1164 4264 1253 4315 Gallio
1270 4266 1375 4315 maxime
1392 4264 1550 4316 meridionali
1568 4263 1704 4326 fovendos,
1724 4264 1853 4316 docebunt

345 4364 481 4399 meroem.
503 4349 521 4397 i.
543 4366 566 4400 c.
586 4351 656 4400 Tom.
674 4353 724 4403 111.
741 4355 770 4404 P.
791 4354 814 4403 1.
833 4371 859 4420 p.
881 4355 932 4405 350
946 4370 1004 4418 sqq.
1040 4355 1162 4405 Graiam
1178 4355 1196 4405 i.
1216 4371 1239 4405 c.
1258 4371 1285 4422 p.
1300 4352 1353 4404 537
1361 4370 1418 4418 sqq.
1454 4355 1502 4404 cn.
1515 4368 1605 4404 rtrcsr
1620 4353 1640 4406 i.
1657 4370 1679 4404 c.
1697 4355 1766 4406 lom.
1782 4355 1848 4407 XVI.

343 4454 370 4503 p.
388 4438 439 4487 266
453 4453 509 4501 sqq.
530 4454 660 4500 srenornr,
681 4441 801 4492 Histoire
816 4445 862 4498 des
877 4444 1055 4510 depositiones
1072 4445 1219 4496 lenum
1235 4447 1272 4495 des
1288 4460 1381 4510 moyses
1395 4458 1452 4510 ops.
1470 4445 1540 4494 Ton-
1561 4445 1606 4500 ll.
1617 4461 1643 4512 p.
1658 4444 1726 4507 355,
1745 4446 1806 4498 uuo.
1824 4455 1852 4498 et

343 4528 382 4577 Cl.
402 4543 553 4587 sarsinas,
574 4530 599 4577 in
618 4529 732 4598 Aeeteos
744 4548 808 4582 roos·
824 4534 857 4582 do
873 4534 1013 4602 tutatast·
1029 4538 1218 4601 pssotiedsnis.
1237 4541 1288 4588 eta.
1308 4537 1377 4587 lom.
1397 4536 1433 4586 11.
1453 4552 1477 4600 p.
1499 4533 1548 4584 193
1565 4549 1621 4599 sqq.

283 4617 323 4682 (2)
340 4618 387 4668 cn.
407 4618 462 4668 ioca
481 4620 546 4685 apud
564 4635 687 4672 crrsrrn.
707 4638 734 4688 p.
754 4621 819 4682 548,
839 4622 906 4685 549,
925 4624 975 4677 599
993 4641 1049 4690 sqq.

1679 4750 1724 4825 lt
