4642 6224
1129 435 1187 524 78

411 740 502 816 Cum
534 752 646 813 numm
677 735 760 813 haec
791 732 952 806 Veterum
990 731 1065 805 loca
1101 754 1227 807 nomen
1250 728 1477 831 Qatnu
1494 735 1649 835 generale
1665 731 1778 812 ‘ruine
1801 737 1962 837 domant3

359 897 437 971 inde
463 895 605 968 omnino
631 889 805 990 sequitur,
834 912 876 961 eo
904 884 1160 962 Haeretacoram
1183 912 1255 961 non
1276 912 1381 962 unam
1407 889 1608 986 alteramve,
1632 893 1690 967 md
1714 918 1833 969 omnes
1857 895 1963 974 dictas

359 1078 430 1128 esse
458 1063 584 1143 sectas,
618 1058 790 1150 quotquot
812 1043 982 1119 Ecclesiae
1007 1046 1181 1119 Romanae
1206 1069 1243 1118 se
1270 1060 1490 1144 opponerent.
1539 1048 1631 1124 Illud
1654 1076 1738 1128 vero
1765 1052 1841 1126 aliis
1862 1054 1963 1144 locis,

345 1213 393 1294 ,in
415 1207 525 1311 priori
544 1206 664 1306 Capite
686 1207 758 1304 jam
780 1201 976 1303 descriptis,
998 1202 1133 1302 egregie
1156 1202 1391 1280 confirmatur.
1440 1205 1529 1280 Nam
1548 1229 1698 1282 Parnon
1717 1206 1908 1282 Monachus
1928 1211 1963 1281 in

361 1364 503 1438 historia
527 1360 754 1462 Albigenriurn
778 1358 938 1433 medenda
945 1410 957 1450 ,
983 1356 1180 1432 Haeretr'coe
1203 1361 1376 1435 variarum
1400 1360 1622 1461 opinionum,
1647 1375 1686 1436 ut
1710 1363 1877 1455 vidimus,
1906 1365 1983 1438 in-·

357 1520 450 1595 ducit
473 1518 556 1618 (l),
594 1516 780 1588 narrationi
814 1540 892 1589 suae
928 1513 1011 1588 haec
1039 1516 1281 1627 praemittens:
1316 1514 1368 1590 Et
1389 1518 1544 1618 quoniam
1566 1542 1602 1591 se
1630 1518 1750 1592 introc
1776 1519 1848 1593 loco
1872 1545 1962 1620 quo-

360 1672 534 1748 dammodo
568 1671 688 1771 ingerit
721 1670 972 1773 opportunitas,
1006 1668 1172 1745 Haereses
1199 1627 1231 1745 et
1258 1680 1360 1745 sectas
1387 1671 1642 1746 Haeretieornnr
1671 1673 1862 1747 enreteatr'ue
1888 1675 1962 1747 etilo

357 1828 520 1904 &animis
550 1826 706 1928 prosequi
730 1825 868 1926 dignum
895 1825 991 1902 meai.
1043 1829 1143 1902 Haud
1169 1829 1315 1904 minoris
1345 1829 1507 1928 ponderis
1528 1841 1608 1902 sunt
1632 1855 1718 1930 quae
1744 1829 1849 1902 tradit
1872 1852 1963 1928 om·

359 1982 536 2061 arenosos
568 1981 609 2054 rte
636 1980 750 2055 Pedio
781 1980 979 2074 moenai,
999 2006 1080 2056 cnm
1105 1983 1141 2055 in
1166 1953 1342 2083 Protogo,
1365 1995 1439 2058 tum
1463 1987 1498 2057 in
1529 1984 1606 2083 ipso
1630 1983 1797 2059 Quonam
1824 1985 1867 2059 de
1894 1985 1964 2059 At-

355 2139 537 2241 trigenarius
574 2162 700 2238 agens,
732 2150 767 2210 et
803 2150 909 2210 metas
943 2136 1095 2212 diversas
1128 2134 1340 2237 distinguens
1363 2137 1434 2238 (2).
1484 2138 1649 2238 Inprimis
1671 2138 1964 2216 animadversione

359 2295 504 2394 dignum
542 2304 616 2383 est,
647 2317 725 2365 eam
759 2292 963 2366 nominatim
993 2317 1184 2367 memorare
1207 2293 1381 2386 Arianos,
1404 2305 1438 2366 et
1465 2306 1613 2392 utroque
1627 2293 1779 2395 'quidem
1806 2295 1844 2366 in
1864 2296 1940 2368 loco
1952 2323 1963 2389 3

356 2450 471 2552 qnod,
493 2476 571 2524 cnm
591 2449 669 2522 ilios
689 2449 830 2533 omnino
851 2446 1019 2520 discernet
1039 2475 1058 2520 a
1080 2445 1304 2538 Manichaeis,
1328 2449 1437 2520 errori
1458 2447 1517 2522 vix
1535 2446 1639 2518 tribui
1655 2459 1778 2546 potest.
1808 2446 1962 2522 Audien—

358 2606 442 2681 dum
471 2631 552 2684 vero
578 2630 648 2678 non
674 2629 745 2677 esse
767 2625 978 2678 eoeneum
1000 2600 1042 2674 ab
1068 2581 1246 2694 Hereden,
1273 2599 1316 2675 ad
1341 2628 1471 2713 annum
1495 2603 1725 2677 MCLXXVl
1747 2615 1962 2676 narrantem:

358 2763 546 2836 damnatam
579 2786 646 2835 esre
670 2759 856 2835 Anionem
884 2757 1087 2849 Haeresim,
1111 2755 1289 2859 quaesere
1316 2765 1417 2831 totam
1438 2757 1641 2864 promarum
1663 2756 1861 2832 Tolosananr
1878 2755 1962 2856 soe-

232 2894 234 2898 ’
356 2919 482 3009 aare,
507 2943 618 2991 mam
641 2914 923 3017 rannone,
955 2921 985 2987 a
1010 2912 1208 3018 napaeos,
1233 2920 1264 2988 a
1288 2913 1363 2987 aas
1381 2912 1541 3015 angon
1567 2913 1646 2986 aas
1668 2921 1698 2987 a
1721 2912 1859 2986 sonare
1883 2911 1963 2987 aas·

356 3073 484 3178 scriptis
500 3070 580 3170 (3),
605 3071 678 3170 ipse
701 3069 802 3142 nohis
824 3082 941 3144 auctor
964 3083 1037 3163 est,
1060 3095 1141 3145 eum
1167 3071 1361 3146 orationem
1388 3070 1438 3142 sic
1462 3082 1705 3169 persequatur:
1737 3077 1829 3142 erant
1854 3068 1962 3170 itaque

357 3228 393 3298 in
430 3224 614 3299 Provincia
653 3224 820 3299 Tolosam
849 3225 984 3328 quidam
1011 3224 1203 3322 Haeretici,
1231 3227 1344 3329 quise
1371 3224 1533 3331 appellari
1548 3219 1737 3323 faciebant,
1762 3222 1880 3298 Bonos
1900 3223 1964 3298 tto—

360 3380 484 3472 nrr'nes,
517 3406 600 3482 quor
628 3407 727 3456 marra
747 3381 893 3458 annau
920 3382 1033 3457 mrtites
1061 3383 1102 3458 de
1128 3383 1347 3476 Lunbereio,
1375 3387 1592 3488 proponentes
1623 3387 1654 3453 et
1679 3379 1826 3454 docetes
1848 3406 1965 3485 popu-

358 3535 425 3609 tum
448 3543 563 3610 eontra
576 3536 684 3634 fldem
709 3538 952 3614 Ctnlrtiarram:
975 3538 1112 3614 aemes
1131 3541 1248 3634 nram,
1272 3539 1365 3643 quod
1385 3565 1451 3614 non
1475 3537 1670 3642 recipiebant
1693 3536 1795 3639 tegern
1815 3559 1962 3628 norst,

359 3716 462 3793 mque
483 3690 690 3796 Prophetas,
713 3720 815 3795 neque
839 3693 1017 3787 Proteos,
1047 3721 1149 3798 neque
1176 3695 1277 3770 Vetto
1302 3694 1561 3783 Testamentum,
1585 3717 1688 3794 neque
1708 3691 1855 3767 ἆοείονεε
1875 3689 1964 3764 Noui

365 3843 584 3938 Testamenti,
608 3846 674 3920 nisi
694 3848 895 3923 solumnodo
920 3849 1127 3953 Evangelia,
1151 3859 1183 3926 et
1206 3851 1377 3956 Epistotas
1401 3871 1550 3942 raam,
1573 3857 1605 3922 et
1631 3856 1748 3950 septem
1778 3847 1962 3922 Canom'car

361 3999 548 4104 Epistotas,
574 4008 605 4073 et
626 4001 734 4074 Actus
755 4005 993 4106 Apostolorum
1000 4059 1012 4099 ,
1035 4016 1066 4082 et
1088 4008 1347 4112 Apocalypsin,
1369 4019 1433 4085 etc.
1454 4004 1527 4106 (t).
1576 4001 1875 4099 Quemadmodum
1897 4028 1961 4078 aa·

389 4377 429 4444 (1)
447 4378 540 4427 Locum
557 4378 615 4427 ride
632 4377 644 4443 ς
662 4378 689 4428 o.
708 4395 733 4444 p.
752 4379 805 4442 2³,
824 4381 867 4432 2⁴.

390 4467 987 4539 (2)1.omride§³.p.14et§tt.p.2tt.

390 4556 432 4622 (3)
449 4556 523 4622 Apud
540 4572 665 4608 marran
681 4558 700 4608 t
720 4573 742 4609 e.
761 4575 788 4624 p.
807 4559 868 4613 42³.

391 4645 431 4713 (t)
449 4647 488 4697 Gt.
508 4661 651 4698 serronem.
669 4648 689 4698 t,
710 4664 731 4698 e.
751 4665 778 4715 p.
797 4647 866 4712 wi,
885 4650 945 4702 508.
