4642 6224
1132 485 1187 574 27

358 786 494 861 mortuas
517 811 540 855 α
564 782 644 854 vivia
665 778 881 885 impenditur,
903 776 1051 854 undant
1099 778 1158 853 Ire
1182 778 1231 852 nd
1251 777 1418 852 Ecclesiae
1446 780 1497 853 vel
1520 778 1555 852 iu
1580 782 1626 854 eis
1653 807 1750 856 orare
1773 783 1853 857 natal
1875 810 1960 886 pru-

353 945 445 1017 desse
470 940 602 1013 dunat:
633 945 670 1011 ut
691 936 863 1011 deteriores
886 935 950 1008 aiut
976 933 1110 1009 Imaus
1137 942 1167 1007 u
1197 933 1375 1036 Pagasas,
1406 935 1467 1037 qui
1491 935 1548 1011 tila
1570 937 1714 1025 madunt.
1763 938 1833 1014 Hic
1854 941 1961 1040 igitur

357 1095 584 1199 Albigeusium
608 1118 732 1167 numen
762 1092 908 1193 (quippe
933 1092 969 1186 in
993 1091 1157 1168 Cluoucu
1182 1092 1352 1193 generali,
1378 1114 1450 1166 non
1471 1093 1616 1170 veroin
1640 1092 1769 1194 scripto
1796 1094 1957 1193 singulari

356 1256 399 1327 de
426 1251 637 1351 expeditione
667 1249 705 1321 in
737 1246 800 1321 hos
827 1247 1044 1339 Haeruicu,
1068 1245 1168 1347 quale
1195 1270 1325 1323 nunno
1351 1258 1388 1320 et
1416 1269 1644 1323 ammnnnno
1674 1272 1777 1346 supra
1804 1251 1956 1324 excitatis

357 1406 515 1503 debetur)
544 1405 684 1479 omnino
719 1429 914 1503 expressum
952 1402 1150 1502 reperimus.
1199 1400 1329 1477 Deinde
1356 1402 1443 1479 varii
1471 1401 1609 1501 quidem
1637 1427 1769 1491 errores
1803 1402 1956 1479 homini-

359 1563 425 1636 bus
454 1560 520 1635 illis
544 1559 764 1654 tribuuntur3
789 1558 846 1632 aad
872 1559 920 1631 its
945 1570 1079 1648 tamen,
1102 1569 1141 1629 nt
1164 1557 1383 1657 perspicuum
1410 1557 1474 1647 sit,
1497 1580 1653 1629 errorum
1675 1569 1779 1658 caput
1802 1518 1954 1660 positam

354 1719 455 1791 finisse
480 1718 516 1791 in
544 1712 825 1805 Mantuanus,
856 1714 911 1788 uui
938 1712 1200 1812 adjungerentur
1228 1737 1314 1814 quae
1340 1711 1525 1785 fortassee
1548 1710 1864 1814 Metempsycituseus
1889 1711 1956 1787 du-

356 1869 510 1945 ctoribus
531 1869 663 1970 potius,
688 1893 794 1972 qnam
818 1869 863 1940 ab
888 1891 1061 1944 omnnnn
1085 1865 1264 1966 repetenda
1284 1878 1385 1956 sunt,
1407 1878 1442 1938 et
1463 1867 1563 1966 plura
1585 1867 1651 1940 nlia
1666 1867 1738 1967 (l).
1787 1869 1952 1944 Similiter

357 2024 570 2124 Attagenae,
604 2023 663 2121 qui
688 2022 865 2112 namur,
897 2021 966 2093 duo
991 2044 1107 2094 aarum
1131 2019 1319 2120 principia,
1352 2020 1574 2121 <torporisque
1596 2035 1631 2097 et
1663 2025 1775 2097 omnis
1796 2027 1956 2100 materiae

356 2179 559 2279 pravitatem
582 2175 755 2268 docuisse,
779 2174 964 2250 luculenter
987 2187 1126 2248 testans
1148 2174 1234 2248 tiber
1254 2176 1496 2250 senoenuarum
1514 2175 1586 2275 (2).
1610 2175 1679 2252 sed
1691 2201 1773 2252 cum
1786 2179 1957 2254 nemimm

358 2331 459 2405 hodie
484 2330 738 2430 prudentiorem
760 2341 964 2429 negaturum
985 2353 1057 2404 esse
1078 2329 1270 2422 confidam,
1292 2340 1423 2408 veteres
1446 2328 1488 2402 de
1511 2330 1575 2422 iis,
1598 2330 1659 2431 qni
1681 2329 1874 2432 Αὶὺιζωκε
1899 2334 1957 2407 di.

356 2498 502 2577 cuntur,
525 2484 612 2558 hanc
634 2484 759 2559 fovisse
781 2483 1002 2574 sententiam,
1025 2482 1125 2584 plura
1145 2484 1220 2558 loca
1241 2485 1386 2560 excitam
1408 2481 1495 2576 nibil
1514 2484 1644 2560 attinet.
1696 2481 1874 2561 Vuldeusea
1895 2512 1958 2566 ve-

357 2665 399 2713 ru
418 2639 461 2712 de
481 2643 576 2734 Deo,
597 2637 717 2711 mundi
738 2636 890 2737 origine,
909 2637 1181 2729 immortalitate,
1199 2637 1340 2738 aliisque
1359 2637 1528 2737 capitibus
1550 2637 1726 2714 doetrinae
1747 2640 1958 2717 chistianae

355 2818 437 2867 cnm
462 2790 614 2868 Ecclesia
640 2795 796 2867 Romana
822 2792 1036 2884 dissensisse,
1069 2816 1113 2866 ue
1139 2793 1195 2869 vel
1222 2793 1261 2866 in
1288 2814 1359 2866 unu
1384 2791 1525 2866 dooetm
1549 2792 1652 2892 hujus
1679 2792 1760 2867 iibri
1788 2794 1887 2886 loeo,
1920 2798 1956 2870 iu

357 2975 428 3050 quo
451 2949 502 3021 illi
526 2948 726 3022 nominatim
754 2959 997 3022 memorantur.
1047 2947 1118 3021 Nec
1142 2967 1379 3023 Μωυσῆ
1401 2946 1443 3021 de
1456 2944 1554 3046 suante
1577 2945 1686 3023 wtt'du
1709 2947 1770 3050 (3)
1790 2951 1959 3051 notarique
2074 3037 2076 3043 ¹

358 3105 563 3205 sumptores,
596 3103 656 3203 qai
685 3102 974 3193 astiterimus,
1006 3113 1126 3204 utpote
1154 3102 1371 3195 Haerett’ans,
1403 3103 1628 3195 invehuntur,
1661 3104 1811 3179 sinaiis
1838 3106 1956 3206 impu-

357 3272 431 3334 tant
455 3282 589 3334 errnres
616 3258 787 3359 gravioris
813 3258 996 3359 ponderis,
1028 3282 1135 3360 quam
1162 3259 1224 3362 qui
1251 3258 1422 3362 plerisque
1448 3253 1553 3333 etiam
1578 3258 1848 3334 Protestantibus
1875 3258 1955 3333 inde

358 3441 378 3486 a
406 3438 581 3488 sacrorum
609 3413 850 3487 instauratione
875 3413 1000 3513 nbjaeti
1030 3427 1117 3492 suut.
1166 3415 1265 3509 Quae
1290 3426 1401 3491 autem
1427 3416 1465 3489 in
1490 3415 1698 3493 contrariam
1724 3426 1858 3518 partem
1882 3415 1963 3491 ‹tis--

356 3572 469 3670 putari
494 3582 650 3670 penetrat,
678 3568 764 3644 infra
788 3573 807 3670 §
832 3573 857 3646 9
881 3570 1029 3645 refellens
1049 3572 1264 3648 conabimur.

383 3934 424 4001 (1)
441 3936 489 3987 Cff.
511 3934 713 3989 centuriatores
729 3936 975 4003 andeturqemes.
997 3938 1071 3990 Cant.
1092 3939 1163 3990 1111.
1183 3955 1208 4005 p.
1228 3938 1295 3989 aaa..

293 4089 297 4097 ¹
388 4025 428 4092 (2)
445 4026 475 4077 Ρ.
494 4027 538 4077 55.
555 4026 603 4078 ut.
619 4027 663 4079 92.
684 4025 742 4079 178.
764 4026 824 4081 179.
843 4028 920 4080 atttt.

385 4114 427 4182 (3)
445 4115 514 4168 aaut.
534 4118 611 4169 Patr.
630 4119 701 4172 nom.
719 4118 809 4171 XXIV.
829 4136 855 4186 p.
876 4116 942 4171 1585
960 4134 1017 4183 sqq.
