4642 6224
1132 445 1188 532 38

1098 739 1214 874 §e

391 1070 454 1151 Ire
486 1066 676 1150 Veterum
703 1060 884 1172 scriptis
911 1056 1157 1166 Haeretici,
1179 1070 1360 1172 praeter
1385 1058 1656 1173 Albigeaoes,
1686 1067 1923 1165 macerati,

818 1229 1142 1340 distinguuntur
1167 1263 1195 1315 a
1228 1227 1516 1314 Valdeasibas.

408 1527 646 1602 Reoeosuimns
660 1551 761 1629 supro
775 1523 886 1602 varios
900 1523 1156 1602 Haereticorum
1169 1527 1307 1619 turbas,
1328 1551 1411 1628 ques
1425 1528 1582 1619 Veteres,
1601 1536 1735 1630 praeter
1748 1523 1957 1626 Albt'qeases',

356 1694 609 1758 memorarunt:
640 1708 730 1756 nnnc
756 1682 802 1754 ita
828 1682 1117 1782 progrediendum
1143 1697 1218 1777 est,
1251 1696 1289 1758 nt
1317 1683 1554 1775 ostendamus,
1587 1680 1785 1756 Haereticos
1819 1680 1891 1755 illos
1922 1683 1957 1751 ia

354 1839 485 1944 scribtis
510 1866 623 1913 eoram
651 1865 675 1910 a
706 1836 922 1910 Valdetoibas
947 1836 1115 1936 distingui.
1166 1838 1270 1929 Quod
1293 1854 1429 1938 egentes
1457 1853 1570 1913 tamen
1594 1839 1665 1913 sine
1692 1838 1851 1939 scrupulo
1876 1839 1960 1911 mit-

356 2010 426 2070 tere
452 2018 634 2094 possumus
664 2018 746 2083 eos,
786 1992 844 2090 qui
869 1990 926 2064 hic
954 2004 1095 2090 propter
1124 2016 1244 2064 eorum
1280 2005 1423 2065 aetutem
1458 1994 1512 2071 vel
1548 1994 1722 2092 opiniones
1756 1996 1792 2065 in
1821 2019 1960 2068 censum

357 2172 428 2220 non
450 2146 567 2222 venire
595 2144 755 2224 vidimus.
806 2145 924 2246 Neque
958 2144 1168 2219 Arianoram
1194 2170 1319 2219 nomen
1354 2144 1420 2220 boc
1452 2146 1528 2221 loco
1555 2147 1776 2248 repetendum
1801 2161 1853 2221 est
1865 2201 1877 2240 ‚
1911 2152 1962 2220 si-

357 2302 496 2402 quidem
535 2325 635 2375 nemo
671 2301 817 2393 dixerit,
848 2326 906 2374 eos
934 2301 1059 2400 placito
1096 2327 1176 2374 cum
1217 2299 1433 2373 Valdensibas
1463 2303 1658 2374 communio
1689 2301 1857 2377 habuisse.
1914 2306 1961 2377 Et

227 2547 230 2555 Ι
357 2456 468 2528 multo
504 2458 633 2554 majore
667 2459 740 2555 jurc
765 2457 1025 2555 praeteribimus
1049 2455 1267 2548 Haereticos,
1297 2455 1339 2528 de
1356 2456 1499 2557 .quibus
1531 2455 1617 2528 nihil
1641 2457 1685 2529 nd
1709 2458 1867 2531 notitiam
1895 2484 1961 2532 no-

360 2623 467 2683 stram
496 2609 666 2709 perlatum
690 2623 741 2682 est
774 2623 908 2708 praeter
936 2636 1029 2683 mero
1059 2613 1219 2702 nomina,
1254 2624 1312 2683 aut
1338 2635 1446 2710 vagos
1475 2636 1650 2704 rumores,
1681 2640 1699 2686 o
1729 2613 1825 2686 Viris
1853 2613 1961 2688 doctis

355 2767 481 2839 frustra
507 2766 716 2839 examinatos
746 2763 791 2839 od
824 2791 947 2842 rerum
979 2766 1232 2844 inveniendum.
1283 2767 1479 2842 Generatim
1508 2792 1647 2840 monere
1674 2767 1835 2858 sufficiet,
1870 2771 1958 2840 scri·

356 2936 472 3023 ptores
501 2921 605 2996 modii
633 2923 707 2999 oevi
735 2923 863 3020 possim
891 2920 1068 2994 Vallenses
1095 2923 1138 2996 ab
1169 2922 1243 2995 aliis
1268 2923 1524 3023 quibuscunque
1547 2919 1735 2995 Haereticis
1760 2921 1957 2999 discernere.

352 3079 454 3156 Unus
480 3077 586 3150 instar
610 3077 767 3150 omnium
789 3077 834 3149 sit
862 3075 1110 3178 Psliclaloqlias
1128 3077 1208 3178 (l):
1245 3077 1297 3152 Et
1325 3077 1397 3151 licet
1427 3078 1515 3151 varii
1541 3078 1710 3151 variarum
1738 3087 1898 3185 sectarum
1926 3089 1956 3152 et

355 3232 545 3309 Hoeresam
568 3231 855 3326 Haereeiarcltae‚
882 3243 913 3309 el
939 3258 1089 3309 moram
1112 3234 1279 3336 Magistri
1298 3234 1381 3309 inter
1408 3243 1554 3308 sanctam
1576 3234 1762 3309 Ecclesiam
1786 3236 1960 3339 reperian-

357 3398 432 3477 tar;
466 3387 649 3491 specialiter
673 3388 1014 3470 tamencontra,1‘llos
1040 3349 1275 3490 intelgendum
1301 3399 1331 3463 et
1358 3390 1579 3492 angibertum,
1605 3391 1646 3465 ele
1672 3392 1790 3494 quibas
1816 3394 1959 3496 apertis-

357 3546 436 3618 sime
460 3551 604 3636 constat,
633 3541 727 3645 qaod
749 3542 907 3645 najcrcm
933 3499 1102 3617 namnam
1127 3569 1288 3620 cunrsm
1301 3545 1454 3644 fideliam
1477 3547 1671 3648 simpliciam
1694 3576 1718 3621 a
1731 3550 1819 3648 fidei
1841 3551 1957 3624 ortlo-

357 3701 467 3775 doxae
493 3698 659 3773 abdam
683 3697 847 3798 trattati
873 3698 1016 3777 veritate.
1067 3700 1161 3774 Inter
1187 3725 1271 3806 qaas
1297 3703 1416 3776 nosris
1449 3704 1646 3807 empnam
1673 3654 1957 3796 Haeresiarclrae,

356 3864 459 3932 sectae
496 3855 722 3931 Walelaoium
753 3855 1028 3947 Haereticoram,
1051 3856 1233 3960 pluriorem
1267 3883 1430 3935 cmusm
1452 3858 1605 3957 fideliam
1630 3859 1865 3934 multitudinem
1888 3860 1956 3934 sub

356 4012 518 4114 pervasis
536 4010 710 4106 memte,
734 4010 794 4088 sab
816 4011 1011 4115 qatbaalam
1028 4011 1197 4088 simelatae
1213 4015 1392 4090 sanctitates
1408 4013 1646 4105 dulcedimbas,
1667 4040 1819 4089 errorum
1837 4040 1956 4089 veneno

386 4401 426 4467 (l)
447 4401 547 4454 contro
573 4400 903 4453 sacramentaneus·
925 4408 1067 4455 tractatae.
1092 4402 1162 4454 sest.
1192 4403 1269 4455 Patr.
1295 4404 1365 4455 torn.
1388 4402 1465 4454 XXV.
1487 4417 1514 4469 p.
1535 4398 1604 4477 277,
1629 4399 1691 4452 278.
1728 4399 1841 4466 scriptos
1861 4402 1961 4455 demum

447 4493 524 4542 tuisse
542 4492 643 4543 videtur
661 4489 735 4544 liber‘
746 4494 832 4544 secuto
849 4492 902 4546 XV.
924 4495 977 4545 tero
995 4495 1088 4545 medio.
1116 4494 1155 4545 ct.
1177 4509 1321 4545 turonen.
1342 4495 1413 4544 Tem.
1433 4493 1522 4545 unc
1547 4508 1574 4559 p.
1595 4489 1647 4540 54³
1666 4506 1723 4555 sqq.
1746 4493 1833 4556 neque
1851 4492 1901 4544 hoo
1920 4499 1960 4544 tn·

444 4597 503 4632 rnen
527 4582 649 4648 impedit,
678 4584 814 4647 quominus
827 4583 853 4635 in
870 4585 1019 4648 quaestione
1036 4583 1067 4636 de
1089 4583 1259 4636 tolosatium
1274 4587 1346 4636 secto
1360 4583 1393 4635 nb
1409 4583 1465 4635 eliis
1482 4582 1631 4635 Haereticie
1646 4580 1825 4646 distinguendo
1841 4583 1898 4647 ejus
1914 4598 1961 4634 no·

445 4671 565 4722 ctorittte
582 4677 692 4725 numus.
