4642 6224
1001 452 1056 540 67

232 755 381 831 scribens
395 753 477 854 (l):
510 749 771 852 Expeditionem
796 722 957 826 adversus
978 744 1176 822 Haereticos
1194 745 1333 823 initium
1354 747 1480 850 cepisse
1500 749 1541 850 in·
1560 750 1747 855 Albr'gesio,
1773 780 1832 829 re.

230 914 329 1014 gione
346 907 443 987 Albis
465 909 636 1009 subjecta3
660 905 806 998 milites,
829 904 954 1008 quibus
976 903 1033 978 nte
1053 905 1206 1006 primum
1229 904 1369 982 obviam
1388 906 1475 981 irent
1494 905 1679 1000 Haeretici,
1704 909 1829 984 abhoc

230 1083 384 1167 tempore
413 1091 531 1142 omnes
558 1061 755 1138 Haereticos
782 1061 911 1136 Gattr'ae
940 1060 1172 1136 meridionalis
1198 1061 1392 1163 albigenses
1413 1086 1576 1142 vocasse:
1598 1061 1690 1137 bello
1716 1066 1829 1166 sopito

229 1220 419 1322 Albipcases
441 1235 475 1294 et
512 1218 712 1310 hidenses,
746 1219 806 1319 qui
842 1220 997 1320 utrique,
1025 1244 1069 1296 eo
1095 1221 1279 1321 flagrante,
1306 1219 1413 1323 vulgo
1432 1218 1660 1321 Aldigensium
1690 1221 1830 1294 nomine

231 1378 469 1480 comprehensi
495 1388 626 1469 essent,
659 1399 776 1449 mrsus
800 1373 976 1450 distinctos
999 1400 1090 1469 esse,
1124 1401 1203 1450 cum
1228 1388 1334 1452 sectae
1361 1376 1622 1467 Mmdchaersmo
1651 1376 1707 1454 vel
1733 1377 1831 1454 Gno-

229 1511 368 1608 succerio
393 1532 525 1608 deditae
551 1532 763 1633 Albr'gerues,
786 1530 864 1606 illae
891 1558 992 1624 vero,
1018 1558 1105 1633 quae
1129 1532 1172 1606 de
1199 1533 1373 1634 religionis
1399 1532 1568 1636 capitibus
1603 1559 1683 1608 cum
1709 1534 1831 1610 Eucle-

235 1688 283 1762 sia
312 1689 558 1768 conveniebant
575 1701 610 1763 et
630 1699 722 1767 nova
742 1701 874 1764 tantum
898 1690 1056 1792 quaevis,
1083 1715 1146 1792 per
1171 1689 1410 1765 Hierarclu'am
1431 1689 1598 1794 Popolem
1620 1689 1833 1782 introducta,

228 1842 445 1940 rejiciebant,
481 1843 658 1919 Valderuca
686 1842 897 1920 dicerentur:
935 1843 1112 1919 Valdensec
1141 1860 1252 1921 nutem
1276 1871 1313 1921 se
1339 1846 1492 1925 divisisse
1520 1847 1614 1945 ipsos
1642 1837 1832 1947 inpuros,

228 2000 288 2100 qui
316 1999 510 2073 doctrinam
542 2023 664 2076 unum
699 1999 803 2072 Valdr'
829 2001 900 2075 siue
929 1999 1156 2102 qualicunque
1192 2000 1379 2101 adjectione
1405 2012 1601 2095 servarent,
1621 2014 1657 2074 et
1682 2001 1829 2092 mixtos,

230 2157 288 2255 qui
314 2156 359 2229 ab
385 2157 459 2230 aliis
481 2157 581 2231 sectis
599 2156 763 2232 nonnulla
790 2157 914 2257 placita
939 2169 1175 2234 mutuarentur
1203 2156 1274 2258 (2).
1324 2157 1407 2232 Jom
1432 2181 1517 2233 vero
1540 2153 1623 2230 baec
1645 2155 1724 2229 talio
1753 2157 1836 2257 qui-

227 2311 306 2388 dem
330 2325 430 2406 sunt,
452 2326 493 2387 ut
513 2314 744 2413 quaestionem
765 2314 875 2416 magis
901 2315 1092 2415 attingant,
1116 2338 1222 2416 quam
1245 2325 1438 2414 exponent,
1461 2335 1572 2413 nequa
1601 2337 1738 2386 omnem
1762 2310 1834 2391 tol-

228 2466 298 2539 lant
331 2465 527 2568 disputandi
560 2491 719 2560 causam,
742 2467 801 2541 sed
829 2469 872 2541 iis
898 2480 1025 2543 rectem
1052 2468 1224 2542 tamenin
1250 2468 1343 2543 viam
1367 2465 1535 2542 ducimur.
1585 2469 1700 2560 Quam
1727 2466 1832 2567 igitur

225 2623 391 2723 ingressi,
425 2621 494 2696 duo
533 2647 632 2722 agere
668 2622 854 2713 enitemur,
888 2635 927 2695 ut
948 2622 1067 2696 falsam
1097 2619 1309 2712 Voldcaaium
1328 2633 1363 2696 et
1383 2617 1611 2720 diligendam
1636 2621 1832 2695 distinctio-

226 2801 305 2850 nem
329 2774 542 2867 refellamus,
565 2800 683 2855 veram
706 2799 917 2877 exponamus
940 2790 975 2852 et
997 2774 1225 2852 defendamus.

967 3085 1083 3220 §a

255 3405 389 3491 Falsa
420 3405 690 3491 Valdenaium
716 3417 758 3491 et
781 3402 1076 3518 Albiperaaium
1102 3405 1322 3490 dictinctio
1350 3415 1433 3508 eat,
1466 3432 1549 3519 qua
1576 3403 1651 3487 illi
1677 3414 1811 3487 aeetae

468 3604 556 3658 eoae
584 3574 810 3678 dicuntur,
840 3573 927 3659 aidi
954 3576 1141 3661 invicem
1168 3577 1338 3660 omnino
1367 3577 1596 3689 oppositae.

276 3869 476 3944 Monuimoc
498 3869 535 3942 in
564 3869 733 3971 superiori
756 3869 877 3971 Capite
900 3871 1092 3970 Scriptores
1118 3870 1223 3945 medii
1245 3871 1342 3964 aevi,
1366 3871 1427 3973 (pri
1450 3851 1708 3945 Haereticomm
1736 3869 1847 3986 refu·-

63 4018 68 4025 ’
228 4022 350 4097 tationi
384 4049 523 4124 opernm
546 4025 720 4118 dederint,
746 4023 923 4101 Vallenses
942 4038 977 4100 et
1005 4024 1199 4127 Albrgeaees
1221 4029 1286 4102 sibi
1313 4041 1454 4120 mutuo,
1477 4025 1675 4103 nominibus
1691 4048 1832 4125 expres·

230 4179 296 4271 sis,
329 4201 400 4252 non
429 4204 610 4280 opponere.
659 4183 778 4284 Neque
803 4181 994 4285 Augeae
1015 4185 1119 4259 atium
1147 4196 1272 4260 metam
1296 4184 1510 4260 constituisse
1538 4181 1695 4276 tradant,
1718 4181 1761 4256 ab
1788 4208 1829 4256 eo

259 4499 299 4567 (1)
317 4499 349 4550 L.
370 4513 393 4549 c.
412 4512 438 4565 p.
457 4498 525 4560 341,
545 4500 605 4553 ³42.

260 4589 301 4658 (2)
318 4589 434 4641 Contemi
449 4591 553 4642 omnino
568 4598 698 4645 merentur
717 4612 796 4649 norun
813 4604 840 4650 et
857 4615 936 4652 vernn
953 4600 973 4653 1.
995 4618 1018 4652 e.
1035 4617 1060 4667 p.
1081 4598 1148 4662 stt,
1176 4600 1237 4652 ³1⁶.
1260 4599 1304 4650 ubi
1318 4597 1374 4663 jun
1389 4595 1566 4665 reperiuntur,
1592 4608 1659 4659 qnae
1679 4592 1747 4644 haud
1765 4594 1837 4644 valde

321 4680 451 4732 dissimili·
467 4684 537 4733 aunt.

1659 4811 1714 4884 9.
