4642 6224
1132 432 1188 518 98
1285 506 1288 511 ,

362 731 572 831 ignorantia,
595 726 728 819 dicam,
753 752 795 801 an
817 725 1008 826 superstitio
1023 725 1113 827 (l)?
1139 723 1233 817 Quid
1248 688 1442 824 igiturest,
1468 724 1562 827 quod
1584 741 1742 827 soporem
1765 727 1864 803 illum
1882 754 1966 806 neo·

365 886 504 985 opineto
536 881 728 957 discusserit
773 893 808 955 et
849 880 1046 955 Haeretieos
1087 880 1284 971 adduxerit,
1329 881 1533 980 quibuscum
1571 883 1742 957 continuo¹
1770 884 1888 958 crebra
1928 897 1964 958 et

363 1039 526 1110 acerrima
565 1037 748 1110 certamina
779 1036 908 1138 agenda
942 1039 1080 1114 essent?
1120 1039 1294 1113 Orientem
1329 1036 1509 1130 adeamus,
1543 1038 1658 1140 ibique
1681 1064 1818 1115 causam
1841 1039 1963 1139 quietis

364 1191 517 1264 turbatae
541 1194 760 1293 quaeramus!
796 1192 852 1267 Ibi
879 1192 1130 1267 Gnosticremnm
1154 1206 1187 1267 et
1211 1190 1526 1283 Maniehaenmum,
1551 1217 1660 1294 neque
1683 1193 1964 1267 comminationi-

360 1347 445 1437 bus,
472 1371 534 1418 nec
558 1346 677 1447 poenis
706 1370 857 1446 unquam
880 1347 1091 1448 exstinguere
1119 1347 1319 1447 contigerat.
1349 1346 1427 1420 Non
1447 1357 1576 1419 tantum
1602 1347 1691 1419 enim
1715 1346 1797 1421 baec
1819 1347 1962 1448 placita,

362 1501 478 1578 invitis
510 1501 663 1603 legibus,
698 1502 732 1575 in
764 1502 898 1576 ooeulto
933 1527 1041 1603 usque
1074 1503 1274 1603 serpebant,
1309 1501 1368 1575 sed
1407 1500 1531 1590 etiam,
1564 1500 1689 1600 quovis
1722 1500 1791 1574 sere
1825 1500 1961 1590 seculo,

311 1657 316 1666 '
360 1656 475 1756 palam
506 1670 541 1730 et
564 1656 700 1757 publice
711 1658 757 1731 'in
783 1658 902 1732 iisdem
928 1657 983 1738 rel
1008 1657 1150 1735 dirersis
1181 1656 1366 1757 prodibant
1390 1656 1595 1758 regionibus.
1645 1660 1878 1733 chcurnrus
1893 1682 1963 1731 no-

362 1810 416 1883 bis
439 1810 588 1890 breviter
613 1815 745 1891 notavit
768 1825 944 1914 tempora,
967 1812 1092 1915 quibus
1117 1812 1291 1886 Haeretici
1311 1813 1443 1913 placitis
1465 1811 1532 1885 illis
1561 1813 1763 1903 servientes,
1787 1837 1893 1913 usque
1916 1808 1960 1886 ad

362 1966 512 2041 seculum
536 1967 612 2058 XI,
635 1993 725 2039 nunc
750 1968 786 2039 in
810 1967 991 2058 Armema,
1020 1994 1109 2041 nunc
1131 1969 1167 2039 in
1190 1966 1379 2068 Balgatia,
1403 1992 1490 2040 nune
1514 1966 1548 2038 in
1570 1965 1645 2039 aliis
1668 1965 1753 2040 coeli
1777 1965 1961 2040 Orientalis

363 2120 544 2211 tractibus,
573 2133 631 2194 aut
658 2134 759 2221 capnt
785 2121 997 2216 extulemnt,
1021 2135 1078 2195 aut
1101 2085 1323 2200 vexationem
1343 2123 1454 2199 denuo
1486 2122 1659 2195 subierunt
1687 2122 1757 2223 (2).
1809 2123 1959 2222 Copiose

360 2298 443 2350 vero
477 2298 600 2348 eorum
633 2276 768 2377 negotia
800 2289 834 2350 et
857 2275 923 2350 sata
950 2280 1108 2378 exposuit
1137 2304 1351 2373 creausus,
1379 2304 1480 2380 quern
1510 2277 1655 2352 maxime
1687 2275 1809 2351 ducem
1827 2277 1895 2352 hoc
1923 2279 1959 2352 in

360 2441 560 2530 argumento
586 2429 760 2504 tractando
784 2456 966 2532 sequemur
990 2434 1061 2535 (3).

405 2582 620 2658 Panir'eranoa
647 2585 843 2684 potissimos
878 2586 999 2681 fuisse,
1034 2591 1094 2692 qui
1130 2589 1243 2664 medio
1271 2614 1355 2668 aero
1382 2616 1462 2664 cum
1491 2590 1630 2666 Graecis
1655 2588 1698 2663 de
1725 2588 1826 2664 rebus
1853 2589 1955 2663 sacris

357 2750 546 2831 certarent,
579 2751 614 2813 et
642 2739 738 2843 inde,
767 2743 837 2839 jam
868 2744 1024 2819 aseculo
1050 2747 1198 2821 maxime
1226 2749 1321 2838 XII,
1347 2772 1382 2820 se
1410 2748 1446 2820 iu
1466 2746 1683 2822 Occidentem
1707 2757 1954 2844 propagarent,

357 2892 525 2992 plerisque
546 2895 632 2970 siris
654 2893 762 2968 doctis
789 2899 983 2973 recentioris
1010 2900 1173 3000 temporis
1195 2901 1306 2977 visum
1331 2915 1381 2974 est
1405 2900 1478 3000 (b).
1527 2899 1631 2994 Quod
1654 2910 1693 2970 ut
1715 2897 1826 2999 placet
1849 2898 1953 2972 etiam

356 3067 551 3142 oxuaoar03
566 3048 613 3120 ita
626 3048 682 3122 hic
701 3051 800 3125 nobis
815 3064 975 3154 tanquam
990 3055 1099 3155 digito
1113 3067 1302 3147 monstrat,
1323 3056 1500 3157 quomodo
1516 3051 1689 3126 Haeretici
1709 3052 1781 3143 illi,
1804 3050 1953 3125 multum

356 3198 482 3298 diuque
517 3227 579 3301 per
612 3203 730 3278 Anam
760 3207 916 3281 minorem
942 3207 1118 3309 usquead
1151 3208 1357 3312 Euphratem
1385 3209 1585 3310 serpserint,
1620 3232 1783 3308 suamque
1813 3231 1950 3279 eausam

355 3353 487 3425 fortiter
520 3354 748 3454 defenderint3
782 3373 856 3434 tum
889 3388 994 3456 vero,
1027 3362 1269 3468 Imperatonem
1290 3367 1384 3464 jussu
1416 3389 1458 3439 ex
1491 3362 1595 3454 Iocis,
1626 3386 1714 3462 quos
1739 3359 1952 3450 incolebant,

359 3507 530 3599 translati,
556 3534 621 3610 pro
649 3537 773 3612 magna
799 3527 887 3587 oerte
914 3528 1031 3615 perte,
1071 3543 1161 3590 nunc
1197 3519 1500 3623 Constantinopolin
1535 3516 1777 3617 Hnaciamque
1805 3541 1954 3615 occupa-

357 3663 486 3754 verint,
520 3689 611 3737 nnnc
644 3666 748 3742 valles
777 3670 886 3743 monti
914 3670 1048 3747 Haemo
1079 3673 1286 3773 adjacentes3
1318 3689 1527 3775 postremum
1552 3671 1800 3777 Philippopolin
1835 3656 1949 3743 mdem

355 3817 421 3891 sibi
449 3815 608 3910 iecerint,
633 3821 721 3895 unde
747 3849 808 3924 per
834 3825 1066 3903 Macedoniam
1089 3844 1122 3904 et
1141 3830 1287 3935 Epirum
1311 3843 1433 3905 sectam
1454 3855 1548 3902 suam
1572 3826 1835 3927 amplificarent,
1857 3837 1947 3898 etse

354 3970 583 4071 Balgaromm
616 3975 652 4046 in
685 3977 818 4051 animos
849 3982 1065 4062 insinuarent
1116 3988 1257 4063 Etiamsi
1291 3998 1401 4060 autem
1434 3982 1555 4083 primis
1587 3980 1798 4082 temporibus
1827 3977 1949 4053 Mani-

380 4262 420 4328 (1)
437 4264 475 4316 CI.
495 4279 601 4317 aaran.
620 4264 640 4317 t.
659 4282 683 4318 c.
702 4282 728 4333 p.
747 4266 807 4322 tel.

380 4350 421 4418 (2)
438 4353 469 4403 t.
489 4369 511 4404 e.
530 4369 557 4420 p.
577 4355 643 4407 nv.

380 4438 419 4507 (3)
438 4441 468 4493 L.
488 4458 511 4492 c.
530 4445 591 4509 Cap.
610 4445 673 4497 nv.
693 4462 719 4513 p.
740 4447 790 4498 1⁶2
805 4465 863 4515 sqq.

373 4528 412 4593 tt)
430 4531 575 4582 Menneu.
590 4533 609 4584 t.
628 4551 651 4585 c.
670 4536 739 4589 Iom.
758 4539 852 4591 xxm.
870 4557 896 4605 p.
914 4541 975 4594 668.
1011 4543 1124 4595 flaura.
1141 4544 1160 4595 t.
1180 4559 1202 4595 c.
1221 4560 1247 4611 p.
1264 4542 1323 4596 669.
1361 4546 1474 4598 Gaxxrxa
1494 4554 1513 4603 t.
1531 4559 1553 4595 c.
1573 4558 1598 4609 p·
1618 4540 1678 4593 ³85·
1715 4539 1952 4592 l¹⁰¹²¹ffl¹i0⁸·

437 4636 463 4684 p.
487 4621 544 4672 loa.
581 4623 712 4677 demun.
731 4626 750 4678 i.
769 4642 792 4681 a.
810 4631 840 4681 Ρ.
859 4630 881 4681 1.
903 4647 929 4698 p.
949 4633 1001 4683 663
1020 4648 1078 4699 sqq.
1096 4635 1125 4685 Ρ.
1144 4633 1186 4684 u..
1209 4648 1236 4701 p.
1253 4633 1306 4685 668
1324 4648 1381 4700 sqq.
