4642 6224
629 1556 744 1685 ltu
791 1549 1342 1689 vttnuttsltttt
1389 1552 1665 1686 SEO'IA

430 1896 520 1993 ΑΒ
556 1888 1062 1996 ALBIGENSIBUS
1098 1888 1283 1992 BENE
1317 1890 1861 1998 ulsrtNGttuNnn.
2016 1919 2020 1927 ·

1002 2184 1271 2211 ⁴000-

942 2452 1343 2573 rnrnorrus.

1068 2714 1219 2746 -4-

395 2896 519 3023 Nulla
550 2973 627 3023 sane
658 2947 724 3022 fuit
755 2961 865 3043 aetas,
900 2976 966 3050 qua
997 2950 1169 3050 religionis
1203 2950 1415 3025 Christianae
1443 2951 1621 3026 efficacitas
1650 2950 1871 3027 saluberrima
1905 2953 1942 3023 in

342 3105 522 3181 hominurn
557 3105 690 3180 anirnos
723 3106 833 3205 magis
867 3107 1108 3206 infringeretur
1141 3118 1176 3181 et
1212 3107 1441 3197 minueretur,
1475 3130 1580 3205 quam
1613 3104 1716 3180 medii
1746 3106 1820 3183 aevi
1854 3119 1943 3179 tarn-

340 3260 494 3361 poribus.
544 3259 648 3352 Quod
672 3273 711 3335 ut
735 3261 846 3334 omnis
870 3260 995 3335 horum
1021 3275 1216 3361 temporum
1244 3274 1385 3336 testatur
1412 3261 1552 3335 historia
1564 3288 1576 3358 3
1599 3262 1646 3335 ita
1669 3262 1773 3336 etiam
1793 3261 1830 3335 iu
1857 3286 1944 3335 ocu-

341 3416 394 3488 Ios
430 3415 594 3504 incurrit,
628 3416 656 3489 si
694 3414 738 3489 ad
765 3416 992 3490 tristissimam
1019 3416 1114 3490 illam
1143 3416 1348 3491 attendimus
1374 3416 1630 3510 Htcrorcinirm,
1663 3445 1733 3520 qua
1760 3419 1942 3494 Pontifices
2023 3467 2028 3475 -

341 3570 509 3662 Romani,
533 3569 653 3645 iudea
677 3597 881 3649 onnoonro
902 3575 1050 3650 maxime
1072 3576 1145 3648 VII
1169 3599 1275 3675 usque
1293 3572 1337 3647 ad
1354 3594 1606 3649 nocturnorum
1626 3574 1738 3667 VIII,
1761 3572 1941 3647 hominurn

340 3728 462 3802 animis
492 3727 612 3804 sarvie
638 3741 801 3828 tanquam
830 3732 952 3832 jugum
977 3730 1222 3830 imposuerunt.
1272 3727 1339 3802 Sed
1366 3754 1409 3801 ne
1436 3727 1644 3827 sicquidem
1670 3726 1858 3802 dominatio
1880 3752 1943 3801 eo-

341 3909 419 3955 rum
447 3906 582 3955 omnem
609 3879 783 3957 doctrinae
814 3884 959 3960 Divinae
989 3885 1099 3959 lucem
1132 3907 1275 3984 prorsus
1307 3884 1517 3982 exstinguere
1547 3884 1678 3982 potuit:
1716 3885 1830 3961 immo.
1859 3909 1940 3959 vero

340 4035 432 4109 haud
457 4039 557 4137 pauci
580 4037 732 4111 exstitere
761 4039 848 4131 viri,
878 4038 1018 4113 meliore
1044 4039 1217 4140 religionis
1244 4038 1438 4140 cognitione
1471 4037 1614 4126 imbuti,
1647 4038 1706 4136 qui
1738 4036 1941 4136 caliginem,

340 4188 478 4290 populis
495 4190 698 4264 Christianis
720 4191 884 4284 offusam,
907 4191 998 4266 baud
1025 4193 1097 4267 sine
1119 4192 1207 4266 felici
1230 4218 1383 4268 successu
1402 4192 1566 4266 discutere
1584 4186 1780 4289 inciperent.
1829 4193 1941 4291 Atque

340 4347 466 4420 horum
491 4346 668 4438 virorum,
694 4349 755 4449 qui
779 4346 1008 4450 ignominioso
1035 4346 1290 4424 Haereticomm
1316 4347 1484 4424 vocabulo
1507 4347 1732 4439 notabantur,
1757 4361 1848 4422 tanta
1874 4348 1939 4422 fuit

340 4500 544 4592 multitudo,
569 4513 607 4574 ut
636 4527 678 4575 ne
702 4526 879 4577 armorum
906 4503 1044 4605 quidem
1068 4505 1104 4583 vi
1127 4504 1228 4579 deleri
1252 4516 1400 4603 possent
1445 4610 1452 4616 ¹

389 4657 557 4749 Quamvis
585 4669 701 4732 autem
729 4683 848 4735 omnes
874 4658 1000 4735 horum
1035 4673 1228 4761 temporum
1256 4660 1424 4736 Haeretici
1453 4657 1520 4734 hoc
1547 4662 1686 4734 nomine
1712 4660 1798 4737 bene
1826 4619 1937 4736 meriti

1799 4818 1817 4891 l
