4642 6224
1127 454 1184 541 40

357 747 451 849 cipue
479 754 598 819 sectam
633 743 863 835 Valdeusium,
901 743 1153 819 Imablatorum
1181 745 1247 819 sior
1275 744 1475 849 Pauperum
1507 748 1548 820 dc
1573 747 1765 850 Lupdunm
1796 753 1830 823 iu
1857 778 1958 853 quam

356 904 496 1003 peccatis
524 902 602 974 mas
628 899 830 1002 carpentibus
855 899 958 973 incidi
965 928 979 989 ;
1015 903 1121 975 altero
1151 916 1323 1002 sequente:
1356 929 1418 1005 ego
1456 904 1528 977 trlrls
1555 907 1665 1007 jura,
1695 914 1725 979 at
1750 933 1815 1010 per
1845 907 1959 983 Deum

356 1057 622 1159 omnipotentem,
646 1064 677 1129 el
692 1082 759 1161 per
781 1057 860 1130 hacc
884 1055 1009 1129 Saucia
1035 1056 1243 1158 Evangelia,
1273 1083 1358 1159 quoe
1382 1057 1416 1129 iu
1440 1058 1586 1133 manibus
1608 1062 1686 1134 mas
1713 1070 1823 1153 teneo,
1847 1089 1957 1137 coram

355 1210 445 1287 vobis
472 1210 618 1286 Domina
641 1209 690 1288 P.
717 1209 791 1285 Dei
816 1211 925 1312 pratia
951 1211 1147 1288 Tcrraceusi
1171 1212 1449 1317 Archiepiscopo,
1474 1222 1504 1287 el
1532 1239 1644 1288 coram
1670 1215 1759 1289 oobr's
1782 1208 1962 1289 assistenti-

355 1366 436 1459 lms,
470 1367 561 1469 quod
586 1393 652 1440 aon
675 1392 747 1439 sum
773 1366 824 1440 vel
839 1364 901 1464 fai
926 1365 1139 1459 Insabbatus,
1171 1367 1222 1441 uel
1249 1366 1441 1461 Valdeosis,
1465 1370 1516 1443 vel
1537 1369 1678 1470 Pauper
1701 1370 1741 1444 dc
1765 1370 1961 1471 Lugduno,

354 1546 457 1623 nequo
488 1520 688 1595 Haereticus
714 1522 749 1594 ia
780 1520 895 1622 aliqua
920 1529 1006 1595 secta
1037 1519 1215 1614 Haereses,
1249 1522 1405 1596 &mnata
1436 1551 1501 1628 pcc
1534 1524 1718 1598 Ecclesiam
1754 1527 1953 1600 Romanam.

355 1681 549 1757 Provocare
570 1679 673 1753 etium
697 1705 839 1778 possum
861 1678 905 1751 ad
920 1678 1120 1779 'testimonia
1145 1705 1230 1779 quae
1257 1683 1276 1780 d
1304 1681 1328 1754 6
1354 1681 1389 1752 in
1413 1680 1564 1754 medium
1593 1681 1693 1754 allatu
1718 1695 1816 1774 sunt,
1842 1681 1957 1756 sedin

355 1859 391 1908 re
413 1832 648 1932 disceptationi
672 1834 786 1907 minus
810 1833 956 1942 obnoxia
982 1835 1142 1909 brevitati
1166 1836 1340 1908 consulere
1364 1836 1484 1934 placet.

404 1989 619 2081 Quaestionis
648 1986 752 2060 cardo
779 1994 923 2064 vertitur
956 1988 993 2058 in
1030 1986 1188 2062 cataro
1201 2039 1212 2077 ,
1240 2000 1274 2060 et
1304 1989 1490 2082 universis,
1518 2004 1553 2063 et
1581 1992 1723 2092 singulis
1758 1992 1955 2089 judicandis.

354 2143 542 2219 Universos
571 2140 669 2214 dico:
700 2142 862 2239 quoniam
885 2143 1043 2234 Veteres,
1076 2155 1115 2214 ut
1141 2145 1160 2242 ᾗ
1185 2142 1211 2217 7
1240 2139 1412 2234 vidimuS,
1447 2141 1514 2216 hoc
1545 2145 1681 2217 nomine
1711 2143 1801 2217 haud
1828 2171 1957 2245 paucos

355 2294 553 2369 Haereticas
581 2295 933 2396 comprehenderunt,
965 2294 1008 2369 de
1035 2297 1110 2369 aliis
1138 2297 1185 2368 itn
1210 2293 1443 2397 scripserunt,
1472 2309 1512 2368 ut
1535 2295 1578 2369 nd
1604 2294 1669 2372 hoc
1692 2324 1797 2399 genus
1822 2324 1959 2399 quoqne

354 2450 518 2526 referendi
541 2453 618 2528 sint.
667 2453 840 2528 Nimirum
860 2451 1085 2545 Publicanos,
1110 2451 1360 2555 Populicanos,
1383 2449 1581 2553 Pipldcros,
1607 2451 1827 2545 Texerautcs,
1852 2451 1961 2527 Pate-

354 2608 445 2681 rinos
463 2609 512 2680 ita
535 2608 722 2707 appellatos
743 2633 836 2698 esse,
859 2608 1044 2681 luculenter
1070 2607 1251 2681 ostendunt
1272 2607 1345 2678 loce
1373 2632 1475 2706 supra
1501 2605 1611 2682 allata.
1661 2605 1856 2681 Paulicraoi
1877 2636 1959 2688 vero

357 2761 529 2865 Joscpini,
566 2762 721 2865 Bupari,
755 2763 936 2867 Turlapiai
967 2765 1031 2838 hac
1063 2763 1200 2864 quidem
1234 2760 1475 2862 appellatione,
1513 2760 1608 2860 quad
1643 2787 1681 2835 ea
1717 2764 1752 2833 in
1787 2761 1899 2834 Gallia
1925 2775 1959 2834 et

357 2917 487 3017 Anglia
523 2943 594 2990 non
622 2932 757 3018 recepta
791 2934 880 3011 erut,
918 2934 993 2993 tum
1021 2917 1094 2992 aliis
1130 2916 1172 2991 de
1208 2918 1342 3008 causis,
1379 2914 1461 2989 dicti
1494 2940 1565 2987 non
1598 2913 1774 2992 videntur:
1812 2915 1869 2988 sed
1905 2915 1958 2989 his

358 3071 518 3143 omnibus
554 3083 665 3144 tamen
688 3072 880 3171 'opiniones
913 3074 1132 3163 tribuuntur,
1164 3097 1249 3173 quas
1290 3070 1447 3163 Callani,
1484 3071 1601 3143 saltem
1633 3094 1700 3170 pro
1736 3083 1855 3167 parte,
1892 3069 1956 3141 sihi

357 3226 518 3327 proprios
541 3225 741 3302 habuerunt.
789 3228 931 3303 Necesse
954 3229 1059 3329 igitur
1082 3241 1133 3302 est
1155 3228 1320 3327 probare,
1349 3227 1531 3326 scriptores
1557 3221 1660 3296 medii
1691 3225 1764 3300 neri
1793 3223 1958 3298 Calliaros

357 3381 524 3456 universos
551 3409 570 3454 a
603 3380 818 3456 Valdeusdms
841 3383 1047 3477 discernere,
1080 3385 1134 3460 rel
1160 3382 1223 3455 hos
1252 3381 1295 3454 ub
1321 3381 1388 3453 illis
1414 3379 1654 3453 discernendos
1682 3403 1764 3452 esse.

407 3535 621 3613 Acamas
646 3560 787 3614 nucms
810 3539 869 3612 111
897 3535 1095 3629 Valdmscs,
1124 3537 1222 3613 brevi
1253 3547 1435 3636 postquam
1463 3535 1611 3609 nominis
1637 3535 1764 3609 famum
1790 3536 1958 3608 consecuti

359 3704 476 3785 erent,
506 3693 577 3791 jem
599 3692 753 3767 distinxit
775 3690 931 3793 deinceps
951 3692 1174 3793 vituperando
1200 3691 1388 3785 cataros,
1419 3699 1449 3764 el
1467 3689 1670 3782 Potariaos,
1695 3697 1725 3762 el
1748 3715 1820 3781 eos,
1843 3689 1956 3789 quise

361 3846 583 3940 Humdratos,
603 3847 653 3921 vel
669 3846 844 3951 Paupercs
861 3848 902 3922 de
917 3847 1089 3949 Lugduno
1100 3848 1194 3948 salso
1213 3849 1340 3922 nomine
1359 3847 1555 3920 mentiuntur
1568 3847 1639 3944 (l).
1689 3843 1791 3936 Quod
1810 3855 1848 3914 nt
1866 3869 1957 3917 enno

361 4005 627 4080 Mcuxxxtv
648 4004 774 4078 facturn
794 4016 869 4096 est,
892 4005 938 4077 ito
960 4005 1072 4078 seculo
1095 4007 1191 4080 XllI
1211 4005 1298 4082 varii
1320 4003 1498 4092 homines,
1521 4000 1579 4100 qui
1595 3997 1792 4072 Haereticos
1812 3997 1957 4071 refutare

362 4160 586 4253 conabantur,
611 4160 789 4237 Pontificis
813 4160 956 4260 vestigia
981 4161 1084 4235 secuti
1109 4174 1198 4236 sunt
1247 4163 1295 4236 Et
1318 4179 1476 4235 Annuus
1501 4153 1641 4255 quidem
1662 4153 1704 4228 nd
1726 4155 1828 4269 linem
1854 4152 1957 4226 seculi

386 4454 862 4480 ιι--ι--ιι--ι-ιδ

387 4655 428 4725 (l)
446 4656 598 4717 Decretum,
623 4654 690 4708 unde
707 4658 770 4708 bueo
788 4655 865 4706 verbu
881 4656 962 4721 petitu
978 4658 1054 4716 runt,
1080 4653 1256 4720 descriprimue
1273 4667 1348 4719 ruprr
1368 4650 1380 4718 5
1397 4649 1424 4700 3.
