<?xml version="1.0" encoding="UTF-8"?>
<!DOCTYPE html PUBLIC "-//W3C//DTD XHTML 1.0 Transitional//EN"
    "http://www.w3.org/TR/xhtml1/DTD/xhtml1-transitional.dtd">
<html xmlns="http://www.w3.org/1999/xhtml" xml:lang="en" lang="en">
 <head>
  <title>
</title>
<meta http-equiv="Content-Type" content="text/html;charset=utf-8" />
  <meta name='ocr-system' content='tesseract 3.04.00' />
  <meta name='ocr-capabilities' content='ocr_page ocr_carea ocr_par ocr_line ocrx_word'/>
</head>
<body>
  <div class='ocr_page' id='page_1' title='image "./disputatioacade00jasgoog_0023.png"; bbox 0 0 4642 6224; ppageno 0'>
   <div class='ocr_carea' id='block_1_1' title="bbox 1265 464 1296 548">
    <p class='ocr_par' dir='ltr' id='par_1_1' title="bbox 1265 464 1296 548">
     <span class='ocr_line' id='line_1_1' title="bbox 1265 464 1296 548; baseline 0 0"><span class='ocrx_word' id='word_1_1' title='bbox 1265 464 1296 548; x_wconf 91' lang='lat'>8</span> 
     </span>
    </p>
   </div>
   <div class='ocr_carea' id='block_1_2' title="bbox 445 751 2086 3194">
    <p class='ocr_par' dir='ltr' id='par_1_2' title="bbox 445 751 2086 3194">
     <span class='ocr_line' id='line_1_2' title="bbox 530 751 2082 865; baseline 0.008 -37"><span class='ocrx_word' id='word_1_2' title='bbox 530 752 751 831; x_wconf 78' lang='lat' dir='ltr'><strong>Pervenimus</strong></span> <span class='ocrx_word' id='word_1_3' title='bbox 775 751 819 827; x_wconf 91' lang='lat' dir='ltr'>ad</span> <span class='ocrx_word' id='word_1_4' title='bbox 841 752 982 828; x_wconf 71' lang='lat' dir='ltr'>altem</span> <span class='ocrx_word' id='word_1_5' title='bbox 1004 751 1224 831; x_wconf 75' lang='lat' dir='ltr'>dissensionis</span> <span class='ocrx_word' id='word_1_6' title='bbox 1245 781 1383 833; x_wconf 84' lang='lat' dir='ltr'>causam</span> <span class='ocrx_word' id='word_1_7' title='bbox 1408 756 1614 861; x_wconf 71' lang='lat' dir='ltr'>Scriptorum</span> <span class='ocrx_word' id='word_1_8' title='bbox 1632 765 1773 832; x_wconf 80' lang='lat' dir='ltr'>veterum</span> <span class='ocrx_word' id='word_1_9' title='bbox 1796 760 1973 857; x_wconf 66' lang='lat' dir='ltr'>indutam,</span> <span class='ocrx_word' id='word_1_10' title='bbox 1997 790 2082 865; x_wconf 90' lang='lat' dir='ltr'>quae</span> 
     </span>
     <span class='ocr_line' id='line_1_3' title="bbox 483 908 2084 1020; baseline 0.007 -37"><span class='ocrx_word' id='word_1_11' title='bbox 483 908 621 1009; x_wconf 90' lang='lat' dir='ltr'>quidem</span> <span class='ocrx_word' id='word_1_12' title='bbox 645 921 738 983; x_wconf 89' lang='lat' dir='ltr'>tanta</span> <span class='ocrx_word' id='word_1_13' title='bbox 761 921 828 1001; x_wconf 90' lang='lat' dir='ltr'>est,</span> <span class='ocrx_word' id='word_1_14' title='bbox 856 922 897 984; x_wconf 86' lang='lat' dir='ltr'>ut</span> <span class='ocrx_word' id='word_1_15' title='bbox 919 910 1112 1012; x_wconf 82' lang='lat' dir='ltr'>saepissime</span> <span class='ocrx_word' id='word_1_16' title='bbox 1136 913 1346 1006; x_wconf 88' lang='lat' dir='ltr'>nesciamus,</span> <span class='ocrx_word' id='word_1_17' title='bbox 1368 914 1454 987; x_wconf 89' lang='lat' dir='ltr'>iisne</span> <span class='ocrx_word' id='word_1_18' title='bbox 1475 912 1558 987; x_wconf 87' lang='lat' dir='ltr'>fides</span> <span class='ocrx_word' id='word_1_19' title='bbox 1581 913 1757 1009; x_wconf 87' lang='lat' dir='ltr'>babendo,</span> <span class='ocrx_word' id='word_1_20' title='bbox 1782 944 1826 989; x_wconf 93' lang='lat' dir='ltr'>an</span> <span class='ocrx_word' id='word_1_21' title='bbox 1852 944 1993 1020; x_wconf 88' lang='lat' dir='ltr'>prorsus</span> <span class='ocrx_word' id='word_1_22' title='bbox 2021 948 2084 995; x_wconf 89' lang='lat' dir='ltr'>ne-</span> 
     </span>
     <span class='ocr_line' id='line_1_4' title="bbox 481 1065 2083 1176; baseline 0.006 -37"><span class='ocrx_word' id='word_1_23' title='bbox 481 1065 592 1164; x_wconf 86' lang='lat' dir='ltr'>ganda</span> <span class='ocrx_word' id='word_1_24' title='bbox 616 1067 669 1142; x_wconf 80' lang='lat' dir='ltr'>sit</span> <span class='ocrx_word' id='word_1_25' title='bbox 719 1067 877 1142; x_wconf 91' lang='lat' dir='ltr'>Primum</span> <span class='ocrx_word' id='word_1_26' title='bbox 900 1068 1012 1158; x_wconf 89' lang='lat' dir='ltr'>anim,</span> <span class='ocrx_word' id='word_1_27' title='bbox 1037 1093 1140 1167; x_wconf 91' lang='lat' dir='ltr'>quam</span> <span class='ocrx_word' id='word_1_28' title='bbox 1165 1066 1246 1140; x_wconf 82' lang='lat' dir='ltr'>falsa</span> <span class='ocrx_word' id='word_1_29' title='bbox 1270 1094 1337 1168; x_wconf 89' lang='lat' dir='ltr'>pro</span> <span class='ocrx_word' id='word_1_30' title='bbox 1356 1069 1447 1146; x_wconf 80' lang='lat' dir='ltr'>reris</span> <span class='ocrx_word' id='word_1_31' title='bbox 1470 1068 1719 1147; x_wconf 74' lang='lat' dir='ltr'>venditaverint</span> <span class='ocrx_word' id='word_1_32' title='bbox 1740 1072 1920 1168; x_wconf 90' lang='lat' dir='ltr'>monachi,</span> <span class='ocrx_word' id='word_1_33' title='bbox 1944 1092 2083 1176; x_wconf 89' lang='lat' dir='ltr'>apparet</span> 
     </span>
     <span class='ocr_line' id='line_1_5' title="bbox 484 1222 2084 1329; baseline 0.004 -31"><span class='ocrx_word' id='word_1_34' title='bbox 484 1250 525 1298; x_wconf 83' lang='lat' dir='ltr'>ex</span> <span class='ocrx_word' id='word_1_35' title='bbox 553 1223 719 1324; x_wconf 79' lang='lat' dir='ltr'>frequenti</span> <span class='ocrx_word' id='word_1_36' title='bbox 741 1227 935 1296; x_wconf 73' lang='lat' dir='ltr'>narratione</span> <span class='ocrx_word' id='word_1_37' title='bbox 959 1222 1202 1297; x_wconf 84' lang='lat' dir='ltr'>miraculorum</span> <span class='ocrx_word' id='word_1_38' title='bbox 1227 1223 1475 1316; x_wconf 76' lang='lat' dir='ltr'>absurdarum,</span> <span class='ocrx_word' id='word_1_39' title='bbox 1505 1225 1728 1300; x_wconf 88' lang='lat' dir='ltr'>ridiculorum</span> <span class='ocrx_word' id='word_1_40' title='bbox 1751 1241 1786 1300; x_wconf 89' lang='lat' dir='ltr'>et</span> <span class='ocrx_word' id='word_1_41' title='bbox 1810 1253 1896 1329; x_wconf 87' lang='lat' dir='ltr'>quae</span> <span class='ocrx_word' id='word_1_42' title='bbox 1924 1232 1960 1302; x_wconf 93' lang='lat' dir='ltr'>in</span> <span class='ocrx_word' id='word_1_43' title='bbox 1984 1258 2084 1305; x_wconf 84' lang='lat' dir='ltr'>corn-</span> 
     </span>
     <span class='ocr_line' id='line_1_6' title="bbox 483 1378 2082 1490; baseline 0.004 -37"><span class='ocrx_word' id='word_1_44' title='bbox 483 1379 626 1454; x_wconf 91' lang='lat' dir='ltr'>modum</span> <span class='ocrx_word' id='word_1_45' title='bbox 647 1378 817 1455; x_wconf 74' lang='lat' dir='ltr'>Ecclesiae</span> <span class='ocrx_word' id='word_1_46' title='bbox 840 1391 966 1452; x_wconf 72' lang='lat' dir='ltr'>temne</span> <span class='ocrx_word' id='word_1_47' title='bbox 986 1379 1131 1454; x_wconf 88' lang='lat' dir='ltr'>conficta</span> <span class='ocrx_word' id='word_1_48' title='bbox 1153 1393 1243 1455; x_wconf 90' lang='lat' dir='ltr'>sunt.</span> <span class='ocrx_word' id='word_1_49' title='bbox 1292 1380 1422 1456; x_wconf 87' lang='lat' dir='ltr'>Deinde</span> <span class='ocrx_word' id='word_1_50' title='bbox 1449 1382 1565 1456; x_wconf 90' lang='lat' dir='ltr'>inanes</span> <span class='ocrx_word' id='word_1_51' title='bbox 1592 1382 1713 1481; x_wconf 90' lang='lat' dir='ltr'>populi</span> <span class='ocrx_word' id='word_1_52' title='bbox 1739 1407 1915 1490; x_wconf 88' lang='lat' dir='ltr'>rumores,</span> <span class='ocrx_word' id='word_1_53' title='bbox 1939 1412 2082 1488; x_wconf 89' lang='lat' dir='ltr'>suasque</span> 
     </span>
     <span class='ocr_line' id='line_1_7' title="bbox 484 1534 2084 1637; baseline 0.004 -27"><span class='ocrx_word' id='word_1_54' title='bbox 484 1538 713 1634; x_wconf 85' lang='lat' dir='ltr'>conjecturas,</span> <span class='ocrx_word' id='word_1_55' title='bbox 747 1562 826 1611; x_wconf 93' lang='lat' dir='ltr'>cum</span> <span class='ocrx_word' id='word_1_56' title='bbox 854 1534 955 1609; x_wconf 90' lang='lat' dir='ltr'>rebus</span> <span class='ocrx_word' id='word_1_57' title='bbox 979 1535 1016 1608; x_wconf 90' lang='lat' dir='ltr'>iu</span> <span class='ocrx_word' id='word_1_58' title='bbox 1042 1536 1131 1610; x_wconf 84' lang='lat' dir='ltr'>facto</span> <span class='ocrx_word' id='word_1_59' title='bbox 1155 1536 1277 1637; x_wconf 88' lang='lat' dir='ltr'>positis</span> <span class='ocrx_word' id='word_1_60' title='bbox 1301 1536 1393 1611; x_wconf 87' lang='lat' dir='ltr'>baud</span> <span class='ocrx_word' id='word_1_61' title='bbox 1419 1563 1498 1611; x_wconf 90' lang='lat' dir='ltr'>raro</span> <span class='ocrx_word' id='word_1_62' title='bbox 1522 1536 1748 1613; x_wconf 82' lang='lat' dir='ltr'>confuderunt</span> <span class='ocrx_word' id='word_1_63' title='bbox 1770 1542 1838 1631; x_wconf 90' lang='lat' dir='ltr'>ita,</span> <span class='ocrx_word' id='word_1_64' title='bbox 1873 1556 1910 1614; x_wconf 91' lang='lat' dir='ltr'>ut</span> <span class='ocrx_word' id='word_1_65' title='bbox 1938 1568 1978 1615; x_wconf 91' lang='lat' dir='ltr'>ue</span> <span class='ocrx_word' id='word_1_66' title='bbox 2001 1570 2084 1616; x_wconf 90' lang='lat' dir='ltr'>acn-</span> 
     </span>
     <span class='ocr_line' id='line_1_8' title="bbox 483 1692 2084 1795; baseline 0.003 -28"><span class='ocrx_word' id='word_1_67' title='bbox 483 1694 623 1769; x_wconf 89' lang='lat' dir='ltr'>tissimis</span> <span class='ocrx_word' id='word_1_68' title='bbox 646 1692 730 1771; x_wconf 82' lang='lat' dir='ltr'>viris</span> <span class='ocrx_word' id='word_1_69' title='bbox 754 1706 897 1793; x_wconf 86' lang='lat' dir='ltr'>utraque</span> <span class='ocrx_word' id='word_1_70' title='bbox 922 1721 941 1768; x_wconf 94' lang='lat' dir='ltr'>a</span> <span class='ocrx_word' id='word_1_71' title='bbox 968 1719 1004 1767; x_wconf 92' lang='lat' dir='ltr'>se</span> <span class='ocrx_word' id='word_1_72' title='bbox 1026 1693 1174 1771; x_wconf 81' lang='lat' dir='ltr'>invicem</span> <span class='ocrx_word' id='word_1_73' title='bbox 1204 1718 1337 1793; x_wconf 88' lang='lat' dir='ltr'>semper</span> <span class='ocrx_word' id='word_1_74' title='bbox 1359 1693 1547 1768; x_wconf 88' lang='lat' dir='ltr'>discernere</span> <span class='ocrx_word' id='word_1_75' title='bbox 1575 1695 1761 1795; x_wconf 84' lang='lat' dir='ltr'>contingat.</span> <span class='ocrx_word' id='word_1_76' title='bbox 1810 1700 1921 1770; x_wconf 92' lang='lat' dir='ltr'>Porro</span> <span class='ocrx_word' id='word_1_77' title='bbox 1947 1696 2084 1773; x_wconf 80' lang='lat' dir='ltr'>Haere-</span> 
     </span>
     <span class='ocr_line' id='line_1_9' title="bbox 483 1848 2083 1954; baseline 0.002 -30"><span class='ocrx_word' id='word_1_78' title='bbox 483 1853 620 1926; x_wconf 81' lang='lat' dir='ltr'>ticorum</span> <span class='ocrx_word' id='word_1_79' title='bbox 649 1849 869 1953; x_wconf 88' lang='lat' dir='ltr'>appellationi</span> <span class='ocrx_word' id='word_1_80' title='bbox 897 1873 1021 1948; x_wconf 81' lang='lat' dir='ltr'>rugam</span> <span class='ocrx_word' id='word_1_81' title='bbox 1051 1848 1147 1920; x_wconf 92' lang='lat' dir='ltr'>illam</span> <span class='ocrx_word' id='word_1_82' title='bbox 1172 1860 1207 1919; x_wconf 87' lang='lat' dir='ltr'>et</span> <span class='ocrx_word' id='word_1_83' title='bbox 1234 1849 1396 1921; x_wconf 89' lang='lat' dir='ltr'>incertam</span> <span class='ocrx_word' id='word_1_84' title='bbox 1426 1851 1617 1924; x_wconf 85' lang='lat' dir='ltr'>tribuerunt</span> <span class='ocrx_word' id='word_1_85' title='bbox 1643 1853 1838 1943; x_wconf 89' lang='lat' dir='ltr'>notionem,</span> <span class='ocrx_word' id='word_1_86' title='bbox 1863 1866 1901 1926; x_wconf 89' lang='lat' dir='ltr'>ut</span> <span class='ocrx_word' id='word_1_87' title='bbox 1923 1881 1963 1926; x_wconf 90' lang='lat' dir='ltr'>ea</span> <span class='ocrx_word' id='word_1_88' title='bbox 1986 1879 2083 1954; x_wconf 88' lang='lat' dir='ltr'>saepe</span> 
     </span>
     <span class='ocr_line' id='line_1_10' title="bbox 488 2001 2085 2103; baseline 0 -21"><span class='ocrx_word' id='word_1_89' title='bbox 488 2006 713 2094; x_wconf 64' lang='grc' dir='ltr'>δοὺηιαίἱσοε,</span> <span class='ocrx_word' id='word_1_90' title='bbox 741 2003 941 2097; x_wconf 85' lang='lat' dir='ltr'>Fannticos,</span> <span class='ocrx_word' id='word_1_91' title='bbox 969 2003 1051 2103; x_wconf 87' lang='lat' dir='ltr'>quin</span> <span class='ocrx_word' id='word_1_92' title='bbox 1074 2015 1110 2076; x_wconf 93' lang='lat' dir='ltr'>et</span> <span class='ocrx_word' id='word_1_93' title='bbox 1129 2001 1285 2075; x_wconf 90' lang='lat' dir='ltr'>homines</span> <span class='ocrx_word' id='word_1_94' title='bbox 1309 2015 1486 2094; x_wconf 89' lang='lat' dir='ltr'>notarent,</span> <span class='ocrx_word' id='word_1_95' title='bbox 1520 2006 1580 2103; x_wconf 89' lang='lat' dir='ltr'>qui</span> <span class='ocrx_word' id='word_1_96' title='bbox 1606 2006 1778 2103; x_wconf 85' lang='lat' dir='ltr'>tyrannidi</span> <span class='ocrx_word' id='word_1_97' title='bbox 1806 2006 2004 2082; x_wconf 90' lang='lat' dir='ltr'>sacerdotali</span> <span class='ocrx_word' id='word_1_98' title='bbox 2029 2011 2085 2082; x_wconf 83' lang='lat' dir='ltr'>ol-</span> 
     </span>
     <span class='ocr_line' id='line_1_11' title="bbox 483 2156 2084 2263; baseline 0 -25"><span class='ocrx_word' id='word_1_99' title='bbox 483 2167 601 2239; x_wconf 88' lang='lat' dir='ltr'>ficium</span> <span class='ocrx_word' id='word_1_100' title='bbox 627 2174 795 2263; x_wconf 90' lang='lat' dir='ltr'>praestare</span> <span class='ocrx_word' id='word_1_101' title='bbox 822 2158 1041 2233; x_wconf 85' lang='lat' dir='ltr'>recusabant:</span> <span class='ocrx_word' id='word_1_102' title='bbox 1077 2159 1126 2230; x_wconf 89' lang='lat' dir='ltr'>uti</span> <span class='ocrx_word' id='word_1_103' title='bbox 1153 2156 1217 2231; x_wconf 92' lang='lat' dir='ltr'>bac</span> <span class='ocrx_word' id='word_1_104' title='bbox 1248 2158 1455 2257; x_wconf 81' lang='lat' dir='ltr'>ignominiae</span> <span class='ocrx_word' id='word_1_105' title='bbox 1486 2173 1567 2233; x_wconf 90' lang='lat' dir='ltr'>uota</span> <span class='ocrx_word' id='word_1_106' title='bbox 1596 2185 1858 2236; x_wconf 79' lang='lat' dir='ltr'>rannuarcnm</span> <span class='ocrx_word' id='word_1_107' title='bbox 1887 2166 2084 2263; x_wconf 86' lang='lat' dir='ltr'>Imperato-</span> 
     </span>
     <span class='ocr_line' id='line_1_12' title="bbox 483 2313 2085 2417; baseline 0.001 -25"><span class='ocrx_word' id='word_1_108' title='bbox 483 2345 555 2394; x_wconf 91' lang='lat' dir='ltr'>rem</span> <span class='ocrx_word' id='word_1_109' title='bbox 583 2315 760 2417; x_wconf 82' lang='lat' dir='ltr'>insignivit</span> <span class='ocrx_word' id='word_1_110' title='bbox 781 2318 876 2417; x_wconf 88' lang='lat' dir='ltr'>Papa</span> <span class='ocrx_word' id='word_1_111' title='bbox 900 2337 1122 2391; x_wconf 68' lang='lat' dir='ltr'>cosconius</span> <span class='ocrx_word' id='word_1_112' title='bbox 1149 2315 1218 2391; x_wconf 87' lang='lat' dir='ltr'>IX.</span> <span class='ocrx_word' id='word_1_113' title='bbox 1268 2314 1422 2415; x_wconf 84' lang='lat' dir='ltr'>Denique</span> <span class='ocrx_word' id='word_1_114' title='bbox 1449 2313 1573 2388; x_wconf 90' lang='lat' dir='ltr'>borum</span> <span class='ocrx_word' id='word_1_115' title='bbox 1603 2317 1807 2414; x_wconf 87' lang='lat' dir='ltr'>scriptorum</span> <span class='ocrx_word' id='word_1_116' title='bbox 1837 2318 1956 2395; x_wconf 83' lang='lat' dir='ltr'>levitas</span> <span class='ocrx_word' id='word_1_117' title='bbox 1981 2321 2018 2392; x_wconf 91' lang='lat' dir='ltr'>in</span> <span class='ocrx_word' id='word_1_118' title='bbox 2043 2347 2085 2393; x_wconf 93' lang='lat' dir='ltr'>eo</span> 
     </span>
     <span class='ocr_line' id='line_1_13' title="bbox 484 2468 2085 2578; baseline 0 -29"><span class='ocrx_word' id='word_1_119' title='bbox 484 2477 585 2550; x_wconf 89' lang='lat' dir='ltr'>etiam</span> <span class='ocrx_word' id='word_1_120' title='bbox 612 2474 778 2565; x_wconf 88' lang='lat' dir='ltr'>cernitur,</span> <span class='ocrx_word' id='word_1_121' title='bbox 801 2469 896 2572; x_wconf 85' lang='lat' dir='ltr'>quod</span> <span class='ocrx_word' id='word_1_122' title='bbox 924 2494 959 2543; x_wconf 90' lang='lat' dir='ltr'>se</span> <span class='ocrx_word' id='word_1_123' title='bbox 986 2469 1114 2546; x_wconf 81' lang='lat' dir='ltr'>invidia</span> <span class='ocrx_word' id='word_1_124' title='bbox 1138 2468 1222 2543; x_wconf 91' lang='lat' dir='ltr'>adeo</span> <span class='ocrx_word' id='word_1_125' title='bbox 1248 2470 1381 2543; x_wconf 90' lang='lat' dir='ltr'>incitari</span> <span class='ocrx_word' id='word_1_126' title='bbox 1408 2472 1501 2570; x_wconf 91' lang='lat' dir='ltr'>passi</span> <span class='ocrx_word' id='word_1_127' title='bbox 1522 2484 1619 2565; x_wconf 86' lang='lat' dir='ltr'>sunt,</span> <span class='ocrx_word' id='word_1_128' title='bbox 1643 2485 1682 2548; x_wconf 94' lang='lat' dir='ltr'>ut</span> <span class='ocrx_word' id='word_1_129' title='bbox 1710 2475 1903 2574; x_wconf 87' lang='lat' dir='ltr'>saepissime</span> <span class='ocrx_word' id='word_1_130' title='bbox 1925 2502 2000 2568; x_wconf 92' lang='lat' dir='ltr'>eos,</span> <span class='ocrx_word' id='word_1_131' title='bbox 2024 2476 2085 2578; x_wconf 91' lang='lat' dir='ltr'>qui</span> 
     </span>
     <span class='ocr_line' id='line_1_14' title="bbox 481 2624 2086 2730; baseline -0.001 -25"><span class='ocrx_word' id='word_1_132' title='bbox 481 2632 525 2705; x_wconf 92' lang='lat' dir='ltr'>ab</span> <span class='ocrx_word' id='word_1_133' title='bbox 559 2629 708 2706; x_wconf 82' lang='lat' dir='ltr'>Ecclesia</span> <span class='ocrx_word' id='word_1_134' title='bbox 745 2630 900 2703; x_wconf 88' lang='lat' dir='ltr'>Romana</span> <span class='ocrx_word' id='word_1_135' title='bbox 933 2625 1188 2717; x_wconf 80' lang='lat' dir='ltr'>dissentiebant,</span> <span class='ocrx_word' id='word_1_136' title='bbox 1226 2624 1389 2703; x_wconf 84' lang='lat' dir='ltr'>vitiorum</span> <span class='ocrx_word' id='word_1_137' title='bbox 1420 2638 1454 2699; x_wconf 88' lang='lat' dir='ltr'>et</span> <span class='ocrx_word' id='word_1_138' title='bbox 1485 2629 1649 2703; x_wconf 88' lang='lat' dir='ltr'>scelerum</span> <span class='ocrx_word' id='word_1_139' title='bbox 1686 2644 1898 2720; x_wconf 88' lang='lat' dir='ltr'>accusarent,</span> <span class='ocrx_word' id='word_1_140' title='bbox 1936 2655 2086 2730; x_wconf 88' lang='lat' dir='ltr'>quorum</span> 
     </span>
     <span class='ocr_line' id='line_1_15' title="bbox 482 2779 2084 2886; baseline -0.002 -26"><span class='ocrx_word' id='word_1_141' title='bbox 482 2785 583 2886; x_wconf 89' lang='lat' dir='ltr'>plane</span> <span class='ocrx_word' id='word_1_142' title='bbox 604 2786 774 2858; x_wconf 89' lang='lat' dir='ltr'>immunes</span> <span class='ocrx_word' id='word_1_143' title='bbox 798 2792 917 2856; x_wconf 88' lang='lat' dir='ltr'>essent.</span> <span class='ocrx_word' id='word_1_144' title='bbox 966 2779 1313 2857; x_wconf 82' lang='lat' dir='ltr'>Animadvertendum</span> <span class='ocrx_word' id='word_1_145' title='bbox 1337 2806 1474 2882; x_wconf 86' lang='lat' dir='ltr'>quoque</span> <span class='ocrx_word' id='word_1_146' title='bbox 1497 2796 1568 2874; x_wconf 92' lang='lat' dir='ltr'>est,</span> <span class='ocrx_word' id='word_1_147' title='bbox 1594 2809 1702 2856; x_wconf 90' lang='lat' dir='ltr'>unum</span> <span class='ocrx_word' id='word_1_148' title='bbox 1728 2784 1940 2884; x_wconf 84' lang='lat' dir='ltr'>alterumque</span> <span class='ocrx_word' id='word_1_149' title='bbox 1959 2810 2084 2858; x_wconf 89' lang='lat' dir='ltr'>mona-</span> 
     </span>
     <span class='ocr_line' id='line_1_16' title="bbox 445 2933 2081 3042; baseline 0.001 -28"><span class='ocrx_word' id='word_1_150' title='bbox 445 3012 451 3031; x_wconf 27' lang='grc' dir='ltr'>ἦ</span> <span class='ocrx_word' id='word_1_151' title='bbox 481 2940 647 3031; x_wconf 91' lang='lat' dir='ltr'>chorum,</span> <span class='ocrx_word' id='word_1_152' title='bbox 683 2939 745 3042; x_wconf 87' lang='lat' dir='ltr'>qui</span> <span class='ocrx_word' id='word_1_153' title='bbox 773 2949 891 3010; x_wconf 89' lang='lat' dir='ltr'>contra</span> <span class='ocrx_word' id='word_1_154' title='bbox 924 2933 1100 3033; x_wconf 70' lang='lat' dir='ltr'>Valdemes</span> <span class='ocrx_word' id='word_1_155' title='bbox 1125 2947 1161 3008; x_wconf 92' lang='lat' dir='ltr'>et</span> <span class='ocrx_word' id='word_1_156' title='bbox 1196 2935 1388 3035; x_wconf 63' lang='lat' dir='ltr'>Albigaases</span> <span class='ocrx_word' id='word_1_157' title='bbox 1426 2937 1638 3037; x_wconf 88' lang='lat' dir='ltr'>scripserint,</span> <span class='ocrx_word' id='word_1_158' title='bbox 1666 2936 1790 3011; x_wconf 91' lang='lat' dir='ltr'>horum</span> <span class='ocrx_word' id='word_1_159' title='bbox 1825 2937 1957 3038; x_wconf 90' lang='lat' dir='ltr'>placitis</span> <span class='ocrx_word' id='word_1_160' title='bbox 1986 2953 2081 3014; x_wconf 90' lang='lat' dir='ltr'>antea</span> 
     </span>
     <span class='ocr_line' id='line_1_17' title="bbox 483 3088 2081 3194; baseline -0.001 -23"><span class='ocrx_word' id='word_1_161' title='bbox 483 3095 647 3171; x_wconf 86' lang='lat' dir='ltr'>serviisse.</span> <span class='ocrx_word' id='word_1_162' title='bbox 697 3091 779 3166; x_wconf 86' lang='lat' dir='ltr'>Jam</span> <span class='ocrx_word' id='word_1_163' title='bbox 798 3115 901 3184; x_wconf 80' lang='lat' dir='ltr'>vero,</span> <span class='ocrx_word' id='word_1_164' title='bbox 924 3088 975 3162; x_wconf 92' lang='lat' dir='ltr'>uti</span> <span class='ocrx_word' id='word_1_165' title='bbox 997 3112 1099 3163; x_wconf 91' lang='lat' dir='ltr'>nomo</span> <span class='ocrx_word' id='word_1_166' title='bbox 1119 3090 1155 3160; x_wconf 93' lang='lat' dir='ltr'>in</span> <span class='ocrx_word' id='word_1_167' title='bbox 1174 3101 1299 3162; x_wconf 87' lang='lat' dir='ltr'>sectam</span> <span class='ocrx_word' id='word_1_168' title='bbox 1319 3089 1586 3192; x_wconf 88' lang='lat' dir='ltr'>qualemcunque</span> <span class='ocrx_word' id='word_1_169' title='bbox 1606 3089 1687 3165; x_wconf 90' lang='lat' dir='ltr'>odio</span> <span class='ocrx_word' id='word_1_170' title='bbox 1707 3106 1777 3166; x_wconf 91' lang='lat' dir='ltr'>tam</span> <span class='ocrx_word' id='word_1_171' title='bbox 1795 3091 2003 3194; x_wconf 89' lang='lat' dir='ltr'>implacabili</span> <span class='ocrx_word' id='word_1_172' title='bbox 2023 3098 2081 3169; x_wconf 91' lang='lat' dir='ltr'>in-</span> 
     </span>
    </p>
   </div>
   <div class='ocr_carea' id='block_1_3' title="bbox 481 3243 2081 3351">
    <p class='ocr_par' dir='ltr' id='par_1_3' title="bbox 481 3243 2081 3351">
     <span class='ocr_line' id='line_1_18' title="bbox 481 3243 2081 3351; baseline 0 -26"><span class='ocrx_word' id='word_1_173' title='bbox 481 3249 560 3327; x_wconf 81' lang='lat' dir='ltr'>vehi</span> <span class='ocrx_word' id='word_1_174' title='bbox 585 3246 690 3340; x_wconf 91' lang='lat' dir='ltr'>solet,</span> <span class='ocrx_word' id='word_1_175' title='bbox 714 3272 819 3346; x_wconf 86' lang='lat' dir='ltr'>quam</span> <span class='ocrx_word' id='word_1_176' title='bbox 846 3244 1033 3320; x_wconf 86' lang='lat' dir='ltr'>desertores</span> <span class='ocrx_word' id='word_1_177' title='bbox 1060 3243 1245 3346; x_wconf 79' lang='lat' dir='ltr'>(Renegnti</span> <span class='ocrx_word' id='word_1_178' title='bbox 1264 3245 1370 3347; x_wconf 83' lang='lat' dir='ltr'>vulgo</span> <span class='ocrx_word' id='word_1_179' title='bbox 1392 3244 1566 3342; x_wconf 89' lang='lat' dir='ltr'>dicuntur)</span> <span class='ocrx_word' id='word_1_180' title='bbox 1578 3274 1589 3340; x_wconf 90' lang='lat'>;</span> <span class='ocrx_word' id='word_1_181' title='bbox 1613 3247 1661 3320; x_wconf 85' lang='lat' dir='ltr'>ita</span> <span class='ocrx_word' id='word_1_182' title='bbox 1685 3247 1736 3321; x_wconf 93' lang='lat' dir='ltr'>illi</span> <span class='ocrx_word' id='word_1_183' title='bbox 1759 3249 1911 3323; x_wconf 88' lang='lat' dir='ltr'>acerbius</span> <span class='ocrx_word' id='word_1_184' title='bbox 1941 3277 1976 3323; x_wconf 93' lang='lat' dir='ltr'>se</span> <span class='ocrx_word' id='word_1_185' title='bbox 2000 3277 2081 3351; x_wconf 82' lang='lat' dir='ltr'>ges-</span> 
     </span>
    </p>
   </div>
   <div class='ocr_carea' id='block_1_4' title="bbox 479 3368 2079 3505">
    <p class='ocr_par' dir='ltr' id='par_1_4' title="bbox 479 3368 2079 3505">
     <span class='ocr_line' id='line_1_19' title="bbox 479 3368 2079 3505; baseline 0.001 -27"><span class='ocrx_word' id='word_1_186' title='bbox 479 3414 616 3494; x_wconf 89' lang='lat' dir='ltr'>seruut,</span> <span class='ocrx_word' id='word_1_187' title='bbox 654 3424 725 3505; x_wconf 87' lang='lat' dir='ltr'>quo</span> <span class='ocrx_word' id='word_1_188' title='bbox 754 3368 878 3474; x_wconf 85' lang='lat' dir='ltr'>clarius</span> <span class='ocrx_word' id='word_1_189' title='bbox 896 3399 1124 3475; x_wconf 84' lang='lat' dir='ltr'>Pontificibus</span> <span class='ocrx_word' id='word_1_190' title='bbox 1148 3400 1380 3493; x_wconf 90' lang='lat' dir='ltr'>ostenderent,</span> <span class='ocrx_word' id='word_1_191' title='bbox 1405 3428 1440 3476; x_wconf 89' lang='lat' dir='ltr'>se</span> <span class='ocrx_word' id='word_1_192' title='bbox 1464 3427 1543 3479; x_wconf 82' lang='lat' dir='ltr'>vere</span> <span class='ocrx_word' id='word_1_193' title='bbox 1565 3416 1600 3476; x_wconf 86' lang='lat' dir='ltr'>et</span> <span class='ocrx_word' id='word_1_194' title='bbox 1618 3428 1661 3476; x_wconf 83' lang='lat' dir='ltr'>ex</span> <span class='ocrx_word' id='word_1_195' title='bbox 1686 3405 1799 3477; x_wconf 91' lang='lat' dir='ltr'>animo</span> <span class='ocrx_word' id='word_1_196' title='bbox 1827 3403 1871 3476; x_wconf 81' lang='lat' dir='ltr'>atl</span> <span class='ocrx_word' id='word_1_197' title='bbox 1893 3404 2079 3480; x_wconf 89' lang='lat' dir='ltr'>Ecclesiam</span> 
     </span>
    </p>
   </div>
   <div class='ocr_carea' id='block_1_5' title="bbox 479 3555 2079 3817">
    <p class='ocr_par' dir='ltr' id='par_1_5' title="bbox 479 3555 2079 3817">
     <span class='ocr_line' id='line_1_20' title="bbox 481 3555 2079 3656; baseline 0.001 -24"><span class='ocrx_word' id='word_1_198' title='bbox 481 3584 633 3639; x_wconf 82' lang='lat' dir='ltr'>reversos</span> <span class='ocrx_word' id='word_1_199' title='bbox 657 3581 738 3631; x_wconf 88' lang='lat' dir='ltr'>esse.</span> <span class='ocrx_word' id='word_1_200' title='bbox 788 3556 902 3649; x_wconf 90' lang='lat' dir='ltr'>Quam</span> <span class='ocrx_word' id='word_1_201' title='bbox 929 3568 963 3627; x_wconf 94' lang='lat' dir='ltr'>et</span> <span class='ocrx_word' id='word_1_202' title='bbox 990 3555 1126 3656; x_wconf 88' lang='lat' dir='ltr'>culpam</span> <span class='ocrx_word' id='word_1_203' title='bbox 1153 3581 1311 3634; x_wconf 83' lang='lat' dir='ltr'>amovere</span> <span class='ocrx_word' id='word_1_204' title='bbox 1340 3580 1409 3630; x_wconf 88' lang='lat' dir='ltr'>nou</span> <span class='ocrx_word' id='word_1_205' title='bbox 1437 3558 1545 3631; x_wconf 91' lang='lat' dir='ltr'>ausim</span> <span class='ocrx_word' id='word_1_206' title='bbox 1573 3582 1806 3650; x_wconf 69' lang='lat' dir='ltr'>aserenan,</span> <span class='ocrx_word' id='word_1_207' title='bbox 1830 3562 1886 3632; x_wconf 92' lang='lat' dir='ltr'>cui</span> <span class='ocrx_word' id='word_1_208' title='bbox 1914 3559 1993 3633; x_wconf 82' lang='lat' dir='ltr'>liber</span> <span class='ocrx_word' id='word_1_209' title='bbox 2015 3562 2079 3633; x_wconf 92' lang='lat' dir='ltr'>ad-</span> 
     </span>
     <span class='ocr_line' id='line_1_21' title="bbox 479 3707 2078 3817; baseline -0.002 -28"><span class='ocrx_word' id='word_1_210' title='bbox 479 3715 636 3789; x_wconf 87' lang='lat' dir='ltr'>scribitur</span> <span class='ocrx_word' id='word_1_211' title='bbox 663 3716 778 3785; x_wconf 81' lang='lat' dir='ltr'>contra</span> <span class='ocrx_word' id='word_1_212' title='bbox 806 3707 998 3817; x_wconf 71' lang='lat' dir='ltr'>Waldensa</span> <span class='ocrx_word' id='word_1_213' title='bbox 1020 3709 1217 3785; x_wconf 70' lang='lat' dir='ltr'>flaaeicos</span> <span class='ocrx_word' id='word_1_214' title='bbox 1241 3709 1313 3813; x_wconf 91' lang='lat' dir='ltr'>(l)</span> <span class='ocrx_word' id='word_1_215' title='bbox 1363 3713 1429 3787; x_wconf 90' lang='lat' dir='ltr'>Sed</span> <span class='ocrx_word' id='word_1_216' title='bbox 1459 3738 1585 3815; x_wconf 85' lang='lat' dir='ltr'>magna</span> <span class='ocrx_word' id='word_1_217' title='bbox 1613 3714 1726 3788; x_wconf 90' lang='lat' dir='ltr'>cautio</span> <span class='ocrx_word' id='word_1_218' title='bbox 1755 3712 1942 3786; x_wconf 86' lang='lat' dir='ltr'>adhibenda</span> <span class='ocrx_word' id='word_1_219' title='bbox 1966 3727 2016 3787; x_wconf 89' lang='lat' dir='ltr'>est</span> <span class='ocrx_word' id='word_1_220' title='bbox 2042 3716 2078 3786; x_wconf 87' lang='lat' dir='ltr'>iu</span> 
     </span>
    </p>
   </div>
   <div class='ocr_carea' id='block_1_6' title="bbox 482 3864 2078 3969">
    <p class='ocr_par' dir='ltr' id='par_1_6' title="bbox 482 3864 2078 3969">
     <span class='ocr_line' id='line_1_22' title="bbox 482 3864 2078 3969; baseline -0.001 -25"><span class='ocrx_word' id='word_1_221' title='bbox 482 3872 583 3969; x_wconf 86' lang='lat' dir='ltr'>bajus</span> <span class='ocrx_word' id='word_1_222' title='bbox 601 3867 681 3941; x_wconf 88' lang='lat' dir='ltr'>libri</span> <span class='ocrx_word' id='word_1_223' title='bbox 699 3890 774 3940; x_wconf 88' lang='lat' dir='ltr'>usu.</span> <span class='ocrx_word' id='word_1_224' title='bbox 807 3865 885 3941; x_wconf 90' lang='lat' dir='ltr'>Non</span> <span class='ocrx_word' id='word_1_225' title='bbox 906 3864 1018 3941; x_wconf 91' lang='lat' dir='ltr'>solum</span> <span class='ocrx_word' id='word_1_226' title='bbox 1037 3868 1129 3941; x_wconf 91' lang='lat' dir='ltr'>enim</span> <span class='ocrx_word' id='word_1_227' title='bbox 1148 3867 1365 3943; x_wconf 88' lang='lat' dir='ltr'>salsissimum</span> <span class='ocrx_word' id='word_1_228' title='bbox 1385 3867 1521 3943; x_wconf 87' lang='lat' dir='ltr'>titulum</span> <span class='ocrx_word' id='word_1_229' title='bbox 1542 3871 1577 3942; x_wconf 91' lang='lat' dir='ltr'>in</span> <span class='ocrx_word' id='word_1_230' title='bbox 1596 3870 1706 3943; x_wconf 88' lang='lat' dir='ltr'>sronte</span> <span class='ocrx_word' id='word_1_231' title='bbox 1724 3870 1830 3969; x_wconf 86' lang='lat' dir='ltr'>gerit,</span> <span class='ocrx_word' id='word_1_232' title='bbox 1854 3869 1914 3942; x_wconf 55' lang='lat' dir='ltr'>sed&gt;</span> <span class='ocrx_word' id='word_1_233' title='bbox 1931 3873 2078 3943; x_wconf 87' lang='lat' dir='ltr'>continet</span> 
     </span>
    </p>
   </div>
   <div class='ocr_carea' id='block_1_7' title="bbox 574 4193 2081 4629">
    <p class='ocr_par' dir='ltr' id='par_1_7' title="bbox 574 4193 2081 4629">
     <span class='ocr_line' id='line_1_23' title="bbox 576 4193 2081 4273; baseline -0.001 -14"><span class='ocrx_word' id='word_1_234' title='bbox 576 4210 625 4259; x_wconf 83' lang='lat' dir='ltr'>bns</span> <span class='ocrx_word' id='word_1_235' title='bbox 643 4225 659 4258; x_wconf 84' lang='grc' dir='ltr'>ι</span> <span class='ocrx_word' id='word_1_236' title='bbox 684 4221 776 4257; x_wconf 81' lang='lat' dir='ltr'>crana</span> <span class='ocrx_word' id='word_1_237' title='bbox 800 4204 908 4269; x_wconf 79' lang='lat' dir='ltr'>aliisque</span> <span class='ocrx_word' id='word_1_238' title='bbox 931 4202 1028 4254; x_wconf 78' lang='lat' dir='ltr'>tributa</span> <span class='ocrx_word' id='word_1_239' title='bbox 1049 4207 1127 4266; x_wconf 83' lang='lat' dir='ltr'>snut,</span> <span class='ocrx_word' id='word_1_240' title='bbox 1153 4219 1241 4256; x_wconf 74' lang='lat' dir='ltr'>revera</span> <span class='ocrx_word' id='word_1_241' title='bbox 1264 4206 1404 4272; x_wconf 81' lang='lat' dir='ltr'>composita</span> <span class='ocrx_word' id='word_1_242' title='bbox 1427 4221 1481 4257; x_wconf 80' lang='lat' dir='ltr'>esse</span> <span class='ocrx_word' id='word_1_243' title='bbox 1502 4209 1636 4266; x_wconf 80' lang='lat' dir='ltr'>statuunt,</span> <span class='ocrx_word' id='word_1_244' title='bbox 1663 4208 1693 4256; x_wconf 87' lang='lat' dir='ltr'>ut</span> <span class='ocrx_word' id='word_1_245' title='bbox 1715 4209 1774 4272; x_wconf 82' lang='lat' dir='ltr'>post</span> <span class='ocrx_word' id='word_1_246' title='bbox 1797 4204 1860 4255; x_wconf 79' lang='lat' dir='ltr'>alins</span> <span class='ocrx_word' id='word_1_247' title='bbox 1882 4193 1981 4256; x_wconf 65' lang='lat' dir='ltr'>multos</span> <span class='ocrx_word' id='word_1_248' title='bbox 2000 4222 2081 4273; x_wconf 84' lang='lat' dir='ltr'>nuper</span> 
     </span>
     <span class='ocr_line' id='line_1_24' title="bbox 575 4293 2080 4363; baseline -0.001 -14"><span class='ocrx_word' id='word_1_249' title='bbox 575 4302 697 4362; x_wconf 73' lang='lat' dir='ltr'>ateana,</span> <span class='ocrx_word' id='word_1_250' title='bbox 728 4296 843 4348; x_wconf 69' lang='lat' dir='ltr'>tarmes</span> <span class='ocrx_word' id='word_1_251' title='bbox 867 4296 943 4345; x_wconf 71' lang='lat' dir='ltr'>einer</span> <span class='ocrx_word' id='word_1_252' title='bbox 967 4293 1068 4344; x_wconf 68' lang='lat' dir='ltr'>terren</span> <span class='ocrx_word' id='word_1_253' title='bbox 1098 4295 1253 4346; x_wconf 74' lang='lat' dir='ltr'>Gescltclte</span> <span class='ocrx_word' id='word_1_254' title='bbox 1277 4297 1325 4345; x_wconf 77' lang='lat' dir='ltr'>der</span> <span class='ocrx_word' id='word_1_255' title='bbox 1349 4295 1507 4348; x_wconf 74' lang='lat' dir='ltr'>Wnldanser.</span> <span class='ocrx_word' id='word_1_256' title='bbox 1533 4314 1559 4363; x_wconf 88' lang='lat' dir='ltr'>p.</span> <span class='ocrx_word' id='word_1_257' title='bbox 1588 4298 1632 4348; x_wconf 78' lang='lat'>³5.</span> <span class='ocrx_word' id='word_1_258' title='bbox 1678 4297 1826 4356; x_wconf 79' lang='lat' dir='ltr'>Durrrarcr,</span> <span class='ocrx_word' id='word_1_259' title='bbox 1854 4295 1907 4345; x_wconf 79' lang='lat' dir='ltr'>Dte</span> <span class='ocrx_word' id='word_1_260' title='bbox 1931 4295 2080 4347; x_wconf 75' lang='lat' dir='ltr'>Wollenm</span> 
     </span>
     <span class='ocr_line' id='line_1_25' title="bbox 575 4384 2077 4453; baseline -0.001 -15"><span class='ocrx_word' id='word_1_261' title='bbox 575 4391 634 4440; x_wconf 70' lang='lat' dir='ltr'>aad</span> <span class='ocrx_word' id='word_1_262' title='bbox 649 4390 709 4439; x_wconf 69' lang='lat' dir='ltr'>thre</span> <span class='ocrx_word' id='word_1_263' title='bbox 732 4387 913 4438; x_wconf 74' lang='lat' dir='ltr'>Vertaltntm</span> <span class='ocrx_word' id='word_1_264' title='bbox 930 4399 966 4434; x_wconf 80' lang='lat' dir='ltr'>sss</span> <span class='ocrx_word' id='word_1_265' title='bbox 983 4386 1043 4434; x_wconf 73' lang='lat' dir='ltr'>deas</span> <span class='ocrx_word' id='word_1_266' title='bbox 1066 4384 1527 4452; x_wconf 70' lang='lat' dir='ltr'>Brandenbsrqs&#39;sct-Presus&#39;rcten</span> <span class='ocrx_word' id='word_1_267' title='bbox 1545 4387 1648 4439; x_wconf 78' lang='lat' dir='ltr'>Stante.</span> <span class='ocrx_word' id='word_1_268' title='bbox 1667 4402 1694 4453; x_wconf 90' lang='lat' dir='ltr'>p.</span> <span class='ocrx_word' id='word_1_269' title='bbox 1721 4387 1762 4437; x_wconf 73' lang='grc'>16.</span> <span class='ocrx_word' id='word_1_270' title='bbox 1788 4401 1887 4436; x_wconf 85' lang='lat' dir='ltr'>sumere</span> <span class='ocrx_word' id='word_1_271' title='bbox 1905 4401 2009 4451; x_wconf 81' lang='lat' dir='ltr'>quaque</span> <span class='ocrx_word' id='word_1_272' title='bbox 2032 4404 2077 4437; x_wconf 89' lang='lat' dir='ltr'>co·</span> 
     </span>
     <span class='ocr_line' id='line_1_26' title="bbox 575 4475 2078 4544; baseline -0.001 -17"><span class='ocrx_word' id='word_1_273' title='bbox 575 4482 686 4543; x_wconf 68' lang='lat' dir='ltr'>meur,</span> <span class='ocrx_word' id='word_1_274' title='bbox 707 4485 803 4530; x_wconf 78' lang='lat' dir='ltr'>sectam</span> <span class='ocrx_word' id='word_1_275' title='bbox 820 4493 836 4526; x_wconf 83' lang='grc' dir='ltr'>ι</span> <span class='ocrx_word' id='word_1_276' title='bbox 853 4490 932 4525; x_wconf 80' lang='lat' dir='ltr'>rura</span> <span class='ocrx_word' id='word_1_277' title='bbox 952 4475 1076 4538; x_wconf 65' lang='lat' dir='ltr'>originem</span> <span class='ocrx_word' id='word_1_278' title='bbox 1091 4490 1145 4525; x_wconf 89' lang='lat' dir='ltr'>nou</span> <span class='ocrx_word' id='word_1_279' title='bbox 1163 4475 1280 4539; x_wconf 82' lang='lat' dir='ltr'>duxisse,</span> <span class='ocrx_word' id='word_1_280' title='bbox 1300 4476 1344 4528; x_wconf 78' lang='lat' dir='ltr'>sed</span> <span class='ocrx_word' id='word_1_281' title='bbox 1363 4477 1438 4544; x_wconf 67' lang='lat' dir='ltr'>longe</span> <span class='ocrx_word' id='word_1_282' title='bbox 1463 4478 1633 4543; x_wconf 82' lang='lat' dir='ltr'>antiquiorem</span> <span class='ocrx_word' id='word_1_283' title='bbox 1649 4492 1720 4530; x_wconf 83' lang='lat' dir='ltr'>esse:</span> <span class='ocrx_word' id='word_1_284' title='bbox 1746 4477 1816 4542; x_wconf 83' lang='lat' dir='ltr'>quod</span> <span class='ocrx_word' id='word_1_285' title='bbox 1833 4481 1917 4528; x_wconf 79' lang='lat' dir='ltr'>tamen</span> <span class='ocrx_word' id='word_1_286' title='bbox 1937 4492 2011 4541; x_wconf 85' lang='lat' dir='ltr'>quam</span> <span class='ocrx_word' id='word_1_287' title='bbox 2030 4479 2078 4528; x_wconf 81' lang='lat' dir='ltr'>tat·</span> 
     </span>
     <span class='ocr_line' id='line_1_27' title="bbox 574 4564 1113 4629; baseline -0.011 -10"><span class='ocrx_word' id='word_1_288' title='bbox 574 4584 630 4619; x_wconf 83' lang='lat' dir='ltr'>sum</span> <span class='ocrx_word' id='word_1_289' title='bbox 647 4569 698 4629; x_wconf 82' lang='lat' dir='ltr'>sit,</span> <span class='ocrx_word' id='word_1_290' title='bbox 721 4568 787 4618; x_wconf 81' lang='lat' dir='ltr'>intra</span> <span class='ocrx_word' id='word_1_291' title='bbox 804 4565 938 4617; x_wconf 59' lang='lat' dir='ltr'>comodere</span> <span class='ocrx_word' id='word_1_292' title='bbox 955 4564 1113 4618; x_wconf 79' lang='lat' dir='ltr'>conabimur.</span> 
     </span>
    </p>
   </div>
   <div class='ocr_carea' id='block_1_8' title="bbox 512 4655 1112 4727">
    <p class='ocr_par' dir='ltr' id='par_1_8' title="bbox 512 4655 1112 4727">
     <span class='ocr_line' id='line_1_28' title="bbox 512 4655 1112 4727; baseline -0.002 -19"><span class='ocrx_word' id='word_1_293' title='bbox 512 4658 552 4727; x_wconf 90' lang='lat' dir='ltr'>(t)</span> <span class='ocrx_word' id='word_1_294' title='bbox 579 4659 610 4710; x_wconf 89' lang='lat' dir='ltr'>ln</span> <span class='ocrx_word' id='word_1_295' title='bbox 627 4657 699 4711; x_wconf 77' lang='lat' dir='ltr'>nest.</span> <span class='ocrx_word' id='word_1_296' title='bbox 719 4657 842 4710; x_wconf 63' lang='lat' dir='ltr'>earnm.</span> <span class='ocrx_word' id='word_1_297' title='bbox 861 4656 880 4708; x_wconf 84' lang='lat' dir='ltr'>l.</span> <span class='ocrx_word' id='word_1_298' title='bbox 900 4671 923 4707; x_wconf 83' lang='lat' dir='ltr'>c.</span> <span class='ocrx_word' id='word_1_299' title='bbox 942 4672 969 4722; x_wconf 85' lang='lat' dir='ltr'>p.</span> <span class='ocrx_word' id='word_1_300' title='bbox 986 4655 1038 4706; x_wconf 82' lang='lat' dir='ltr'>2e2</span> <span class='ocrx_word' id='word_1_301' title='bbox 1054 4668 1112 4721; x_wconf 81' lang='lat' dir='ltr'>sqq.</span> 
     </span>
    </p>
   </div>
   <div class='ocr_carea' id='block_1_9' title="bbox 0 0 2326 6224">
    <p class='ocr_par' dir='ltr' id='par_1_9' title="bbox 0 0 2326 6224">
     <span class='ocr_line' id='line_1_29' title="bbox 0 0 2326 6224; baseline 0 0"><span class='ocrx_word' id='word_1_302' title='bbox 0 0 2326 6224; x_wconf 95' lang='lat' dir='ltr'> </span> 
     </span>
    </p>
   </div>
  </div>
 </body>
</html>
