4642 6224
1154 477 1182 558 2

367 781 464 860 sunt,
499 765 593 870 quod
618 767 826 842 Pontificum
849 768 1084 841 Romanorum
1116 767 1384 841 dominationem
1420 749 1723 868 aggrediebantur3
1756 768 1972 848 vehementer

364 938 477 997 tamen
510 925 598 998 iuter
622 950 657 998 sc
688 923 730 998 de
755 925 828 1026 ipsa
854 921 1010 997 doctrino
1034 922 1226 1000 Christiane
1259 924 1516 1024 discreparant,
1539 925 1584 997 ita
1611 924 1729 998 otalii
1755 927 1796 1000 ad
1822 943 1970 1002 mentem

366 1082 525 1156 Auctoris
546 1080 703 1180 proxime
723 1079 937 1173 accederent,
960 1078 1018 1153 alii
1041 1078 1239 1180 longissime
1258 1080 1302 1153 ab
1322 1107 1361 1154 ea
1381 1093 1622 1157 averterentur.
1672 1081 1737 1157 Sed
1754 1107 1971 1183 summopere

364 1238 548 1313 dolendum
576 1252 650 1331 est,
676 1236 767 1312 baud
794 1263 924 1339 pauca,
958 1262 1065 1337 quae,
1088 1261 1167 1310 cum
1191 1235 1233 1309 de
1257 1234 1399 1338 singulis
1418 1235 1625 1310 Pontificum
1649 1232 1870 1330 adversariis,
1894 1251 1970 1313 tum

364 1394 407 1466 de
435 1394 599 1471 universis
622 1393 895 1472 adversariorum
923 1393 1020 1467 sectis
1032 1445 1043 1482 ,
1075 1397 1258 1466 memoriae
1283 1390 1419 1491 prodita
1452 1404 1549 1482 sunt,
1572 1390 1781 1466 densissimis
1811 1392 1969 1467 obscuri-

364 1549 442 1621 tatis
480 1549 626 1622 tenebris
660 1549 817 1661 inuoluta
849 1572 931 1623 esse
990 1547 1107 1648 Neque
1140 1546 1253 1623 omnis
1280 1548 1423 1622 omnino
1458 1548 1674 1621 obscuritatis
1702 1563 1854 1650 expertes
1888 1565 1969 1625 sunt

363 1706 574 1780 narrationes
601 1707 765 1779 Veterum
797 1703 841 1778 de
874 1701 1089 1778 Valdensa'tus
1116 1717 1151 1778 et
1177 1702 1425 1805 Albiperurdus,
1461 1706 1521 1804 qui
1557 1705 1662 1782 variis
1700 1706 1735 1778 in
1774 1706 1969 1807 regionibus

289 1908 297 1922 ·
363 1860 598 1937 Hierarchiam
634 1861 797 1963 Papalem
825 1853 1031 1937 validissime
1058 1872 1324 1961 oppugnarunt,
1362 1873 1558 1961 tantamque
1592 1886 1710 1935 rerum
1745 1863 1968 1936 mutationem

365 2018 568 2109 attulemnt,
597 2029 633 2089 ut
656 2018 779 2090 merito
808 2015 1086 2090 instaurationem
1113 2014 1209 2089 illam
1237 2041 1433 2107 sacrorum,
1461 2043 1481 2089 a
1509 2016 1659 2093 Lutltero
1686 2017 1826 2118 aliisque
1853 2019 1966 2094 seculo
2005 2004 2018 2023 ⁹

362 2175 454 2247 XVI
478 2174 718 2264 constitutam,
741 2198 960 2275 praeparasse
987 2183 1193 2248 censeantur.
1243 2173 1391 2248 Mirandi
1421 2173 1524 2272 igitur
1551 2200 1621 2246 non
1648 2188 1726 2249 sunt
1749 2175 1826 2247 Viri
1851 2174 1966 2263 docti,

361 2308 426 2429 ¹qui
462 2332 497 2402 in
533 2328 678 2404 historia
709 2328 931 2429 Albiqemium
970 2344 1006 2404 et
1041 2328 1250 2403 Voldeusr'um
1284 2329 1462 2429 repetenda
1495 2329 1704 2430 diligentiam
1739 2354 1897 2429 posuere:
1931 2343 1968 2403 et

363 2484 412 2557 itt·
437 2485 578 2587 quidem
610 2492 720 2558 utmm
746 2483 843 2558 iidem
871 2485 935 2559 siat
960 2484 1119 2578 labendi,
1147 2511 1192 2558 ort
1213 2511 1237 2557 o
1265 2510 1299 2557 re
1325 2485 1457 2558 invr'cem
1480 2482 1714 2585 distinguendi,
1747 2499 1822 2558 tam
1848 2486 1966 2584 gravis

362 2652 479 2714 exorta
506 2653 557 2713 est
579 2642 750 2740 quaestio,
774 2653 813 2712 ut
841 2667 884 2714 ne
911 2640 954 2714 ad
980 2641 1071 2717 hunc
1098 2667 1206 2742 usque
1228 2640 1320 2715 diem
1344 2641 1421 2714 lites
1443 2666 1648 2743 componere
1677 2640 1868 2739 contigerit.

411 2797 491 2868 Jem
510 2821 593 2874 rero
614 2796 719 2889 mibi,
738 2795 1002 2896 disputationem
1021 2798 1258 2874 Academicam
1278 2798 1471 2896 scripturo,
1490 2795 1571 2869 baec
1590 2794 1690 2872 valde
1708 2795 1838 2895 placuit
1856 2820 1966 2897 quee-

361 2951 453 3043 stio,
476 2954 512 3024 in
533 2953 632 3050 cujus
651 2953 853 3026 tractatione
875 2954 965 3030 vires
986 2953 1150 3049 juveniles
1170 2953 1354 3053 experirer.
1402 2956 1449 3026 At
1468 2951 1512 3024 ab
1530 2977 1567 3025 ea
1589 2965 1703 3026 tamen
1722 2950 1964 3052 aggredienda,

360 3106 471 3181 dicere
493 3130 564 3180 non
588 3131 752 3206 possum,
777 3119 984 3210 quantopere
1010 3133 1065 3181 me
1087 3108 1307 3182 absterruerit
1332 3107 1523 3207 argumenti
1550 3106 1740 3185 difficultas.
1788 3106 1856 3182 Sed
1887 3108 1966 3180 ani-

360 3288 456 3335 mum
485 3261 622 3336 tandem
649 3262 703 3340 Cl.
731 3287 928 3339 annornm
956 3265 1138 3338 auctoritas
1164 3263 1250 3338 mihi
1278 3263 1409 3363 adjecit.
1461 3264 1570 3363 Cujus
1603 3265 1710 3364 igitur
1736 3264 1803 3342 riri
1819 3267 1962 3340 monita

360 3420 394 3492 in
415 3445 489 3493 rem
512 3444 623 3494 meam
645 3431 870 3511 convertens,
892 3420 1046 3494 laborem
1068 3420 1222 3493 alacriter
1243 3421 1366 3521 incepi.
1415 3421 1529 3496 Probe
1553 3420 1691 3519 quidem
1711 3421 1961 3523 intelligebam,

361 3575 591 3674 quaestionem
619 3577 704 3648 tanti
727 3575 907 3675 ponderis,
930 3601 1017 3676 quae
1039 3577 1232 3652 acutissime
1258 3577 1391 3676 ingenia
1416 3576 1494 3649 inde
1520 3603 1540 3649 n
1562 3576 1666 3678 longo
1687 3589 1840 3678 ternpore
1860 3603 1963 3652 exer-

359 3732 500 3823 cuisset,
526 3758 545 3804 a
574 3758 629 3806 me
654 3734 775 3831 jurene
801 3732 984 3807 diremtum
1007 3759 1075 3807 non
1099 3734 1165 3830 iri3
1189 3731 1247 3808 sed
1273 3759 1332 3834 spe
1354 3745 1468 3807 tamen
1493 3731 1666 3806 mulcebar
1692 3733 1788 3823 lore,
1813 3745 1851 3805 ut
1877 3733 1962 3832 ipsis

357 3886 530 3981 fontibus,
565 3887 654 3962 uude
688 3914 802 3963 rerum
829 3891 1047 3990 antiquarum
1080 3891 1220 3964 notitiae
1246 3888 1408 3990 petendae
1432 3901 1529 3981 sunt,
1562 3887 1740 3990 diligenter
1775 3888 1960 3979 adeundis,

356 4044 511 4118 nonnihil
539 4045 627 4118 forte
653 4044 739 4118 lucis
766 4045 797 4118 ei
825 4043 1072 4146 adspergerem.
1124 4044 1227 4138 Quod
1257 4071 1301 4118 nn
1334 4045 1426 4120 baud
1457 4059 1582 4120 temere
1607 4046 1836 4146 speraverim,
1866 4045 1962 4144 judi-

355 4202 446 4276 cium
469 4227 570 4301 penes
594 4202 756 4276 lectorem
777 4215 839 4278 est

405 4356 465 4430 na
493 4356 703 4431 rumam
732 4357 828 4432 secu
857 4355 900 4430 aa
927 4354 1152 4457 Atiqmstus
1179 4354 1254 4430 aaa
1287 4355 1512 4459 astrapaea
1540 4359 1586 4430 aa
1621 4356 1824 4458 asprum,
1858 4371 1896 4432 ut
1920 4359 1957 4431 a.
2081 4317 2099 4331 ’

357 4513 461 4587 altera
489 4527 585 4613 parte
614 4513 823 4588 Valdeasiam
855 4513 982 4587 Sectam
1013 4510 1055 4587 ab
1089 4512 1316 4614 Attiqmsibus
1343 4541 1457 4589 revera
1483 4512 1740 4614 distinquendom
1772 4538 1839 4587 csse
1870 4539 1965 4614 pro--

358 4669 458 4766 bem3
486 4669 522 4743 in
550 4668 654 4744 altera
680 4670 876 4765 ostendum,
901 4668 1065 4773 quomodo
1088 4671 1217 4771 utn‘quc
1239 4696 1263 4742 a
1286 4696 1320 4745 se
1343 4670 1478 4746 invicem
1499 4668 1715 4770 distinguendi
1736 4667 1808 4745 sint.
