4642 6224
1024 433 1103 520 163

258 771 341 848 pace
361 756 396 818 et
417 739 526 832 bello,
552 734 752 811 familiarem
779 729 869 808 vitae
891 723 1166 800 consuetudinem
1195 748 1274 796 cum
1297 725 1485 824 peregrinis
1506 743 1540 802 et
1561 731 1727 832 indigenis
1750 734 1857 811 babe-

260 926 319 991 re,
351 921 492 996 suasque
519 892 695 993 opiniones
722 888 757 959 iu
781 882 914 959 occulto
938 879 980 954 ad
1005 878 1172 969 Romam,
1197 878 1423 982 Mediolanum
1450 897 1483 958 et
1507 885 1646 963 ulterius
1668 916 1859 992 propagare

257 1052 390 1127 licebat.
439 1047 602 1124 Nondum
631 1043 805 1143 attigimus
837 1037 1167 1141 frequentissimum,
1203 1035 1295 1137 quod
1323 1038 1551 1137 expeditiones
1579 1045 1727 1120 militum
1760 1073 1859 1123 cruce

258 1205 468 1304 signatorum
503 1209 730 1302 pepererunt,
764 1194 913 1270 Orientis
937 1217 1018 1266 cum
1044 1190 1227 1266 Occidente
1251 1195 1517 1288 commercium,
1549 1210 1586 1270 ut
1615 1201 1754 1273 omnino
1781 1227 1859 1276 cre·

258 1358 361 1432 dibile
387 1357 448 1447 sit,
472 1354 506 1429 et'
534 1353 661 1428 multos
689 1352 769 1425 binc
793 1350 965 1451 profectos
992 1346 1185 1447 opiniones,
1215 1373 1299 1447 quas
1321 1346 1392 1421 illic
1418 1334 1651 1445 imbibissent,
1676 1354 1717 1428 ad
1743 1383 1861 1457 popu-

259 1515 343 1588 lares
367 1538 447 1586 suos
471 1510 642 1602 retulisse,
677 1519 711 1581 et
733 1516 883 1582 catervas
908 1500 1121 1574 redeuntium
1149 1499 1345 1576 Haereticor
1357 1553 1368 1593 ,
1407 1529 1558 1604 quorum
1587 1509 1779 1583 societatem
1803 1513 1860 1584 in-

258 1670 427 1759 duissent,
461 1691 574 1740 secum
610 1661 755 1736 duxisse.
803 1657 989 1758 Plerosque
1021 1681 1065 1729 ex
1102 1654 1272 1756 Balgaria
1305 1655 1478 1733 advenisse
1506 1661 1575 1758 jam
1600 1687 1726 1736 nomen
1750 1666 1861 1765 arguit

262 1821 491 1921 Balgararnm
518 1815 573 1895 vel
596 1815 813 1915 Baqarornm
841 1811 883 1883 iis
908 1810 1072 1901 inditum,
1102 1808 1222 1886 deinde
1245 1836 1352 1887 uuum
1379 1811 1590 1915 alterumque
1613 1819 1862 1913 testimonium,

262 2001 363 2075 supra
388 1948 624 2047 memoratum.
667 1965 734 2042 Sed
756 1992 796 2039 ex
823 1964 908 2037 urbe
928 1965 1032 2037 etiam
1057 1964 1220 2065 Capituli,
1245 1965 1543 2072 Constantinopoli,
1566 1984 1601 2044 et
1619 1971 1753 2048 aliunde
1774 2002 1862 2076 pro-

260 2141 433 2229 ruperunt.
470 2125 676 2225 Plerumque
699 2123 763 2195 iter
786 2146 848 2221 per
873 2146 967 2193 mare
995 2117 1279 2196 Mediterraneum
1308 2121 1343 2193 in
1367 2119 1520 2215 Italiam,
1546 2137 1581 2198 et
1609 2125 1689 2199 binc
1712 2128 1749 2201 in
1778 2129 1861 2203 alias

261 2282 454 2357 Occidentis
469 2277 721 2380 partesfactum
739 2286 811 2348 est:
837 2271 930 2346 baud
953 2296 1032 2346 raro
1057 2284 1167 2356 tamen
1191 2275 1285 2371 juxta
1308 2273 1400 2376 ripas
1424 2276 1597 2370 Danubii,
1623 2307 1686 2381 per
1708 2280 1863 2385 Hungu-

260 2437 346 2509 riam
360 2447 395 2507 ct
413 2402 624 2505 Germaniam
636 2425 894 2501 meridionalem:
910 2425 999 2499 uude
1011 2427 1048 2497 in
1063 2424 1274 2500 Gennanram
1285 2429 1587 2529 septemtrionalem,
1598 2434 1647 2507 uti
1657 2448 1691 2509 et
1703 2437 1738 2509 in
1753 2437 1864 2517 Flan-

262 2589 387 2678 driam,
407 2583 569 2676 Galliam,
582 2581 760 2683 Angliam,
778 2577 982 2682 Hispaniam
1001 2579 1302 2679 progrediebantur
1317 2579 1388 2681 (l).
1414 2585 1551 2683 Ipsum,
1572 2585 1664 2684 quod
1684 2589 1864 2688 gerebant,

262 2743 486 2819 Catlrarornm
504 2762 628 2811 nomeu
652 2736 751 2811 nobis
771 2747 933 2833 tanquam
961 2732 1054 2810 riam
1084 2733 1248 2826 ostendit,
1273 2760 1377 2835 quam
1401 2736 1504 2808 secuti
1529 2749 1618 2812 sunt.
1668 2741 1746 2813 Hoc
1771 2751 1863 2816 enim

262 2924 386 2974 nomen
407 2923 507 2986 cum,
531 2907 570 2968 ut
596 2918 697 2991 supra
725 2889 892 2980 vidimus,
917 2892 953 2963 in
982 2887 1083 2963 ltalia
1107 2903 1142 2963 et
1167 2889 1346 2962 Gemmnia
1366 2891 1550 2990 gesserint;
1575 2894 1785 2968 statuendum
1807 2897 1866 2973 vi-

260 3053 383 3145 detur,
408 3052 468 3125 bas
493 3002 651 3149 regiones
672 3045 773 3120 fuisse
797 3043 1009 3137 Occidentis,
1034 3044 1068 3116 iu
1095 3069 1197 3145 quas,
1225 3057 1373 3119 recentes
1396 3044 1440 3117 ab
1464 3045 1794 3147 Orienteadrenue,
1818 3050 1865 3124 il-

264 3208 324 3283 lud
351 3231 465 3280 secum
492 3203 658 3277 afferrent.
709 3201 853 3274 Galliam
878 3223 983 3291 vero,
1004 3212 1039 3271 et
1066 3198 1244 3299 Angliam,
1266 3210 1301 3271 et
1331 3197 1532 3300 Hispaniam
1556 3201 1629 3300 ejus
1654 3215 1785 3276 tautum
1807 3205 1866 3279 in·

265 3361 540 3463 terpretatiouem
567 3356 707 3429 latinam
732 3354 785 3433 vel
813 3352 1046 3446 vernaculam,
1070 3353 1209 3428 utboni
1233 3367 1507 3456 nuncuparentur
1533 3355 1695 3451 homines,
1723 3360 1866 3436 audiisse

264 3528 371 3615 put03
405 3511 568 3613 quoniam
597 3510 724 3584 itineris
766 3509 943 3612 longitudo
969 3507 1024 3587 vel
1049 3508 1136 3582 atius'
1158 3509 1236 3610 quis
1260 3523 1399 3589 eventus
1418 3510 1567 3604 fecisset,
1588 3526 1633 3587 nt
1659 3540 1750 3588 nunc
1769 3515 1866 3590 aliter

267 3669 336 3744 dici
374 3665 534 3755 mallent,
573 3689 677 3765 quam
702 3678 781 3765 post
805 3667 957 3765 primum
987 3690 1088 3738 suum
1123 3660 1308 3739 adventum
1341 3667 1377 3737 in
1405 3665 1637 3744 Occidentem.
1687 3671 1729 3744 Iu
1756 3669 1866 3743 Flan-

266 3823 342 3897 dria
373 3835 484 3896 autem
526 3845 590 3919 pro
627 3817 864 3922 Paplrlerornm
897 3818 1142 3919 appellatione,
1168 3817 1391 3892 contumeliae
1426 3845 1525 3893 causa
1552 3819 1739 3928 Haereticis
1769 3822 1867 3916 duta,

269 3981 433 4052 Graecam
463 3986 498 4047 et
537 3972 720 4073 genuinam
756 3971 973 4044 substitutum
1000 3995 1072 4045 esse
1107 3971 1277 4072 conjicio,
1315 3997 1394 4045 cum
1422 3999 1547 4072 paucos
1573 3988 1738 4075 rogantes
1766 4003 1866 4054 exce-
1968 4041 1969 4045 ,

268 4290 273 4297 -
296 4260 337 4327 (t)
353 4255 487 4310 Brevitati·
507 4269 584 4305 muta
598 4269 709 4319 provoco
730 4252 763 4304 ed
784 4254 859 4318 loca,
882 4271 948 4321 quac
969 4255 1104 4322 asumpsit
1128 4255 1250 4306 Grrrmu
1270 4254 1290 4307 l.
1316 4269 1338 4305 ο.
1361 4256 1392 4306 Ρ.
1413 4254 1450 4306 11.
1473 4270 1500 4320 p.
1525 4255 1592 4318 5³1,
1620 4255 1689 4318 llll),
1714 4257 1783 4320 664,
1808 4262 1868 4315 611.

356 4350 401 4401 att
420 4360 536 4396 enrrrn.
554 4361 581 4411 p.
599 4343 666 4403 466,
703 4344 855 4396 narrarem
874 4362 901 4398 re
919 4362 951 4398 ex
973 4346 1063 4396 Gallia
1081 4345 1254 4396 meridionali
1270 4347 1299 4396 et
1317 4344 1404 4396 ltalia
1423 4347 1560 4410 superiori
1578 4347 1605 4396 in
1625 4349 1741 4412 regimme
1759 4351 1870 4413 ricinus,

362 4438 549 4494 Germaniam,
578 4432 785 4495 Nrrrlarrdr‘am,
809 4437 950 4502 Anqltaur,
969 4439 1032 4502 quin
1051 4437 1127 4488 etiam
1144 4437 1304 4502 llr'rparrr'arrr
1323 4451 1482 4503 propagatae.
1519 4435 1567 4487 Sed
1585 4453 1617 4488 ex
1639 4438 1729 4490 Gallia
1747 4444 1875 4494 mmidr'o·

360 4529 420 4579 nali
436 4528 482 4577 bm
499 4527 525 4575 in
536 4529 616 4577 terrm
633 4529 678 4574 aut
692 4524 812 4586 rediisse,
830 4533 876 4577 aut
891 4529 998 4597 primum
1014 4529 1111 4581 veniere
1128 4527 1263 4591 ridentur,
1283 4531 1417 4595 postquam
1435 4527 1872 4598 lougemiter,tirepa11talr'am‚

360 4635 405 4671 ren
423 4633 468 4687 per
488 4617 659 4677 Germaniam
676 4617 845 4683 perfecerant.
