4642 6224
1132 465 1190 552 62

357 776 388 840 et
413 762 612 869 Paupenrm
640 760 789 866 Spiritu,
812 758 921 837 verbo
946 758 1101 860 attigisse,
1123 758 1264 832 sufficiet
1288 754 1362 856 (l).
1411 755 1479 831 Sed
1501 755 1583 831 boec
1607 740 1764 860 qnoque,
1790 786 1871 836 cum
1892 763 1963 836 At-

356 923 503 1021 bigensas
526 945 566 991 ea
593 943 765 1016 nusquam
792 916 934 1015 gessisse
962 915 1115 988 ferantur
1122 966 1135 1006 ,
1157 915 1245 986 inter
1266 910 1331 986 bos
1354 919 1385 985 et
1411 910 1588 988 Valdenses
1615 914 1804 990 interfuisse
1831 917 1960 991 docent.

407 1075 460 1148 De
481 1071 693 1159 efficacitate,
714 1095 818 1170 quam
836 1067 1095 1142 Haereticomm
1115 1069 1292 1146 variorum
1311 1068 1503 1169 exemplum
1525 1069 1562 1140 in
1581 1069 1730 1143 studium
1753 1068 1964 1143 Valdensr'nnr

359 1228 536 1318 liabuerit,
561 1252 669 1326 pauca
696 1239 829 1313 tantum
856 1227 957 1299 nobis
983 1225 1170 1298 retulerunt
1193 1225 1342 1298 Veteres.
1391 1225 1626 1296 chcurruus
1650 1224 1815 1322 conjecit,
1838 1247 1898 1298 eos
1923 1248 1964 1296 ex

335 1409 467 1483 ,prava
501 1380 729 1480 Albigaasiom
764 1380 1003 1454 consuetudine
1033 1379 1158 1453 multas
1190 1379 1368 1478 opiniones
1402 1402 1577 1476 perversas
1609 1377 1795 1455 imbibisse.
1858 1377 1964 1469 Quod

360 1539 387 1609 si
414 1536 457 1609 de
488 1536 706 1635 opinionibus
733 1535 857 1609 dicitur
884 1537 918 1608 iu
943 1535 1112 1610 Ecclesiae
1138 1533 1374 1609 Hierarchiam
1402 1547 1437 1608 et
1468 1533 1682 1634 nupissimas
1710 1534 1963 1634 superstitiones

359 1690 630 1780 incurrentibus,
663 1689 756 1762 haud
782 1715 923 1789 prorsus
947 1691 1165 1790 negaverim3
1199 1715 1410 1790 quamquam
1438 1689 1571 1764 credere
1595 1677 1736 1781 malim,
1770 1691 1963 1762 Interamm

360 1844 542 1918 Sacrorum
572 1845 749 1916 lectionem
781 1869 968 1944 earumque
994 1847 1284 1946 comparationem
1316 1871 1396 1919 cum
1428 1845 1635 1919 Pontificum
1668 1855 1702 1917 at
1731 1841 1965 1917 Consiliorum

356 1999 498 2073 decretis
532 1999 642 2097 magis
666 1998 843 2096 magisque
866 1999 1046 2098 caliginem
1076 2000 1183 2072 oculis
1209 2024 1329 2072 eorum
1354 1999 1499 2073 offusam
1523 1998 1735 2072 discussisse:
1775 2010 1850 2070 tum
1879 2021 1963 2073 vero

357 2152 521 2249 iujurias,
557 2177 640 2250 quas
663 2150 821 2250 repellere
843 2151 1024 2244 deberent,
1054 2178 1113 2227 eos
1136 2152 1179 2227 ad
1205 2154 1352 2227 acriores
1380 2152 1455 2225 lites
1479 2152 1520 2226 de
1541 2152 1696 2226 doctrina
1719 2150 1865 2251 agendas
1893 2151 1964 2223 im-

357 2303 493 2404 pulisse.
542 2309 654 2406 Atque
680 2304 760 2376 hinc
793 2304 921 2380 factum
944 2321 1014 2399 est,
1048 2322 1087 2381 ut
1108 2306 1229 2380 iisdem
1262 2306 1399 2380 tandem
1430 2307 1535 2380 armis
1562 2319 1663 2406 atque
1690 2306 1748 2378 alii
1774 2304 1963 2381 Ecclesiam

362 2473 608 2559 oppugnarent.
661 2459 728 2532 Sed
761 2461 824 2535 hos
850 2461 1004 2536 homines
1030 2487 1109 2535 cum
1135 2461 1367 2561 Albigensibns
1403 2476 1462 2535 aut
1489 2461 1666 2560 quibusvis
1693 2460 1881 2534 Haereticis
1906 2485 1964 2532 so-

358 2614 512 2687 cietatem
537 2615 673 2706 iniisse,
708 2617 805 2712 cujus
830 2631 992 2717 tauquam
1027 2618 1164 2694 vinculo
1191 2617 1235 2691 ad
1255 2617 1420 2691 deteriora
1444 2616 1567 2717 placita
1596 2616 1764 2716 sequenda
1789 2617 1963 2713 corrumpi

355 2783 515 2870 possent,
548 2795 649 2844 nemo
673 2773 839 2847 Veterum
867 2774 967 2848 nobis
990 2770 1140 2848 tradidit.
1193 2775 1309 2846 Immo
1333 2798 1416 2849 vero
1444 2773 1480 2846 iu
1509 2772 1684 2846 communi
1707 2771 1866 2847 adversus
1891 2773 1963 2843 Eu

359 2925 494 2998 clesiam
518 2928 723 3018 certamine,
752 2929 796 3001 ab
824 2929 866 3002 iis
893 2955 1025 3029 semper
1049 2930 1193 3031 separati
1226 2941 1445 3023 manserunt,
1479 2942 1518 3001 ut
1545 2951 1653 3002 exeo
1680 2929 1750 3026 jam
1778 2923 1963 2997 luculenter

360 3093 523 3178 apparet,
558 3079 650 3178 quod
680 3083 821 3157 seorsim
847 3086 891 3158 ab
918 3084 1186 3184 Inquisitoribus
1211 3074 1464 3175 excitabantur,
1496 3083 1811 3184 interrogabantur,
1837 3080 1965 3153 conde-

359 3231 564 3307 mnabantur
593 3233 665 3334 (2).
716 3240 809 3330 Quin
841 3241 944 3314 etiam
969 3265 1028 3313 eos
1059 3239 1153 3330 aliis,
1184 3254 1219 3314 et
1253 3241 1321 3313 illis
1345 3239 1506 3341 quidem,
1541 3238 1601 3338 qui
1634 3235 1826 3338 Albigenscs
1857 3234 1965 3335 vulgo

363 3399 554 3478 vocantur,
589 3391 767 3464 renitentes
802 3393 932 3468 inducit
967 3420 1212 3473 emmenuus
1247 3395 1288 3469 de
1321 3394 1436 3469 Podr'o
1472 3391 1664 3483 Laurentii,
1699 3390 1743 3464 de
1778 3388 1966 3462 Haeretiar‘s

366 3540 495 3614 Galliae
518 3543 750 3619 Meridionalis
779 3548 947 3623 scribens:
981 3550 1095 3624 Erant
1122 3551 1257 3652 qnidam
1282 3550 1444 3639 Aaron,
1478 3548 1615 3649 quidam
1642 3544 1856 3637 Manichaei,
1888 3544 1965 3645 qni-

363 3694 443 3768 dam
465 3698 561 3770 dmm
593 3699 784 3775 Waldcnses
811 3704 877 3778 nae
899 3704 1159 3807 Lugdunenses,
1187 3706 1264 3807 qui,
1293 3705 1366 3780 licat
1388 3705 1471 3778 inter
1494 3731 1528 3778 se
1549 3703 1705 3795 dissidn,
1728 3708 1965 3794 ornnesjamsn

364 3851 400 3924 in
421 3851 606 3926 arianarum
624 3857 802 3958 paneam
822 3870 935 3935 contro
945 3863 1052 3960 fidem
1074 3862 1280 3940 Catholicam
1301 3862 1539 3965 conspirabant.
1577 3861 1629 3935 Et
1647 3860 1696 3934 illi
1713 3857 1841 3962 quidem
1863 3855 1964 3932 Wal-

363 4007 473 4081 dcnses
503 4018 617 4083 contra
649 4011 733 4086 alios
764 4017 962 4091 acutisssime
995 4018 1204 4120 disputabant
1236 4019 1311 4120 (3).
1359 4023 1700 4094 Pnrcnnoaanns
1735 4038 1863 4103 omnes,
1896 4013 1964 4101 ait,

368 4161 533 4240 Catholici
554 4165 595 4238 cle
616 4174 760 4266 quatuor
779 4170 889 4272 plagas
913 4173 1028 4247 mund
1049 4174 1247 4249 concordant
1274 4173 1410 4272 insidei
1426 4173 1556 4250 unitate.
1605 4171 1684 4247 Nan
1705 4171 1752 4246 sic
1773 4168 1962 4257 Hasrnici,

395 4482 436 4549 (1)
454 4485 502 4534 Cff.
522 4501 622 4536 suurn.
643 4489 662 4537 l.
683 4504 705 4539 r.
725 4490 794 4541 Tom.
814 4491 864 4542 111.
883 4508 909 4557 p.
932 4491 989 4542 148.
1027 4492 1148 4541 einum
1166 4494 1185 4542 l.
1205 4508 1227 4543 c.
1247 4509 1273 4558 p.
1292 4493 1352 4543 554.

394 4572 434 4637 (2)
453 4575 499 4623 Cli.
520 4590 585 4636 quae
603 4577 785 4642 disputavimus
803 4581 814 4646 5
833 4582 859 4632 3.
879 4587 906 4632 et
924 4583 952 4632 ll.
971 4583 1092 4632 veterum
1109 4581 1145 4631 ibi
1162 4583 1190 4632 ΙΙ.

396 4659 437 4729 (2)
455 4663 548 4728 Praaf.
568 4665 588 4715 l.
608 4681 630 4715 a.
649 4682 675 4732 p.
694 4668 755 4720 666.
