4642 6224
1125 429 1181 510 45

355 721 532 825 differunt,
559 722 638 821 quia
661 719 717 793 isti
737 743 838 791 urnun
860 724 1008 792 asserunt
1032 718 1243 811 Creatorem,
1270 717 1320 791 dli
1342 717 1434 794 duos.
1484 715 1622 790 Ponunt
1644 717 1748 810 enine,
1769 718 1951 823 principem

356 878 487 970 mundi,
512 901 607 977 quem
630 873 814 949 Dnhotum
840 881 870 946 et
902 872 1005 945 Satan
1031 873 1212 974 scripturae
1244 872 1375 966 dicunt,
1396 880 1475 977 post
1501 871 1694 945 creationem
1723 838 1851 974 primae
1877 902 1953 947 rnu-

354 1031 454 1104 terine
476 1057 499 1102 a
518 1029 597 1103 Deo
611 1028 747 1128 sactae,
770 1027 859 1100 illam
886 1026 1055 1100 nuteriam
1073 1026 1258 1101 distinxisse
1276 1027 1310 1099 in
1328 1034 1470 1129 quatuor
1488 1026 1648 1102 elementa.
1686 1025 1824 1102 Exinde
1841 1055 1952 1103 rerum

356 1187 496 1287 speeies,
517 1192 617 1288 proed
635 1183 807 1289 uidentur,
832 1181 1005 1256 distinxit:
1038 1181 1130 1284 quad
1152 1182 1369 1287 adpraesens
1390 1181 1598 1274 dimittimus,
1624 1181 1704 1284 quia
1729 1148 1764 1255 in
1786 1183 1950 1288 principio

355 1339 513 1414 secundae
529 1339 639 1444 partis
673 1337 778 1438 lmjus'
801 1336 908 1441 operis
939 1337 1043 1437 neapcs
1066 1335 1157 1437 plene
1179 1334 1356 1412 habebitur.
1410 1336 1557 1413 Credunt
1580 1347 1686 1410 tamen
1711 1338 1818 1438 ipsum
1840 1341 1955 1412 mundi

326 1458 329 1464 Ι
355 1489 548 1600 Principem
574 1493 689 1569 Deum
715 1492 812 1593 hujus
834 1490 934 1565 seneli
963 1490 1133 1593 appellari.
1183 1491 1227 1566 In
1254 1517 1320 1592 quo
1344 1493 1533 1566 conveniunt
1566 1519 1639 1566 cum
1667 1493 1763 1582 aliis;
1802 1495 1861 1568 sed
1890 1521 1955 1570 non

355 1652 489 1726 credunt
508 1676 582 1724 eum
603 1674 669 1724 esse
692 1648 805 1722 Deum
822 1673 887 1752 per
909 1655 1082 1738 naturam,
1102 1646 1199 1720 immo
1221 1647 1294 1721 Dei
1315 1648 1449 1741 summi,
1476 1646 1594 1721 Patris
1619 1648 1736 1722 sedicet
1758 1649 1952 1743 Justoncm,

230 1806 237 1820 '
357 1817 562 1882 creaturam:
596 1804 630 1877 in
657 1831 724 1904 quo
749 1803 1006 1900 diversificantur
1033 1802 1075 1875 alr
1103 1801 1186 1876 aliis.
1236 1801 1301 1877 Isti
1323 1804 1420 1876 etiam
1443 1804 1633 1878 conuem‘unt
1659 1830 1732 1877 cum
1756 1805 1952 1909 praedictis,

356 1963 516 2065 eredentes
545 1958 646 2034 Vetus
672 1959 910 2044 Testamentum
933 1980 1000 2029 esse
1027 1982 1050 2027 a
1075 1953 1234 2030 Diabolo.
1285 1955 1330 2029 In
1361 1955 1542 2059 Prophetis
1573 1966 1680 2032 autem
1713 1958 1869 2060 differunt
1900 1960 1956 2033 di-
1999 1946 2005 1955 ¹

355 2127 477 2209 centes,
503 2142 558 2191 eos
573 2114 681 2214 fuisse
703 2113 825 2187 lometos
849 2110 1046 2213 quandoque
1068 2110 1109 2184 de
1132 2109 1249 2215 spiritu
1266 2110 1431 2214 proprio,
1454 2111 1650 2214 quandoque
1675 2113 1716 2185 de
1736 2112 1853 2217 spiritu
1881 2139 1955 2186 ma-

349 2275 467 2374 ligno,
491 2269 686 2374 quandoque
708 2268 748 2342 de
767 2268 882 2341 uidute
907 2265 1024 2341 Sancti
1047 2264 1201 2371 Spiritus.
1255 2263 1350 2339 Unde
1368 2291 1434 2342 non
1455 2268 1615 2372 recipiunt
1636 2293 1709 2361 cos,
1737 2265 1800 2341 nisi
1820 2265 1879 2341 ubi
1897 2293 1960 2342 vo-

358 2427 437 2501 lunt.
486 2424 601 2498 Primi
631 2448 708 2496 vero
741 2447 795 2495 cos
828 2421 968 2495 totaliter
997 2420 1175 2524 recipiunt,
1210 2427 1323 2494 eleos
1356 2419 1458 2496 bonos
1481 2419 1590 2520 juisse
1621 2421 1742 2498 dicunt.
1793 2420 1851 2496 Illi
1878 2446 1955 2495 vero

360 2607 413 2655 eos
441 2579 544 2653 malos
566 2576 676 2676 fuisse
704 2574 858 2666 credunt,
895 2573 966 2647 lieet
993 2573 1107 2674 aliqua
1136 2573 1223 2648 bona
1258 2573 1299 2647 de
1336 2600 1505 2652 numero
1539 2575 1692 2652 dixerint.
1741 2577 1806 2650 Isti
1837 2587 1957 2679 negant

357 2733 466 2811 omnia
487 2737 689 2804 sacramenta
707 2728 877 2802 Ecclesiae
899 2727 982 2801 sicrd
999 2727 1117 2832 primi,
1143 2736 1174 2802 el
1193 2737 1323 2834 ponunt
1346 2728 1579 2835 impositionem
1602 2755 1756 2802 manuum
1782 2755 1848 2803 esse
1875 2732 1954 2804 Ba-

358 2893 477 2992 pnma
498 2884 641 2987 spineus
661 2882 792 2958 nnnc.-
818 2882 851 2956 n
873 2910 940 2985 quo
959 2846 1148 2957 invenem
1166 2909 1241 2957 um
1258 2883 1331 2960 us.
1382 2850 1516 2986 negm
1532 2883 1628 2958 erun
1646 2883 1763 2959 mmm
1781 2910 1957 2990 empnam

360 3040 643 3133 resurrectionem,
671 3036 754 3111 sicut
777 3044 808 3111 el
831 3035 899 3124 clli,·
925 3035 1081 3138 differunt
1103 3046 1210 3112 autem
1236 3037 1278 3111 ab
1302 3037 1385 3132 illis,
1411 3037 1504 3141 quod
1525 3037 1574 3112 elli
1595 3047 1720 3140 ponunt
1742 3040 1955 3115 resurrectio-

360 3222 432 3269 nern
458 3219 632 3295 corporum
655 3191 851 3284 coelestium,
873 3200 910 3265 ut
932 3190 1053 3266 dietum
1075 3201 1121 3266 est
1133 3219 1147 3282 ;
1178 3193 1231 3267 isti
1257 3218 1335 3267 uero
1362 3219 1537 3298 corporum
1573 3192 1814 3298 spiritualium,
1842 3195 1880 3268 id
1912 3205 1959 3269 cst

362 3347 526 3422 larinum
544 3346 741 3420 interiorum.
797 3347 902 3420 Plura
925 3345 1116 3420 describere
1135 3348 1295 3422 nolumus
1318 3346 1363 3421 ed
1383 3345 1599 3447 probandum
1620 3347 1708 3422 hanc
1731 3348 1869 3422 alteram
1889 3348 1957 3423 ho-

362 3504 493 3576 minum
515 3514 645 3603 purtem
671 3499 880 3573 Gnostieisrni
899 3499 954 3578 vel
974 3501 1092 3601 speciei
1116 3503 1190 3600 ejus
1211 3501 1256 3574 ab
1280 3515 1417 3577 auctore
1437 3513 1609 3578 accusatos
1626 3527 1708 3579 esse.
1758 3502 1825 3578 sed
1843 3506 1956 3605 impe-

362 3671 500 3730 traree
537 3681 593 3729 me
626 3679 695 3727 non
731 3679 893 3756 possum,
924 3668 963 3729 ut
993 3670 1199 3756 praeteream
1228 3658 1343 3732 locum
1374 3657 1621 3750 clarissimum,
1648 3657 1707 3731 ubi
1736 3657 1956 3733 Manichaeo—

328 3830 331 3837 '
363 3839 437 3887 runs
467 3825 500 3885 et
534 3809 764 3884 Gnosticonene
796 3809 920 3908 placita
956 3809 1076 3885 diserte
1111 3824 1355 3887 memorantur.
1422 3787 1533 3906 Viso,
1549 3814 1662 3912 inquit
1692 3835 1858 3888 Monere
1875 3814 1956 3912 (1),

292 3957 295 3963 ¹
361 3966 453 4069 quod
487 3963 641 4037 Ecclesia
669 3964 828 4037 Romana
859 3990 883 4035 u
919 3988 1089 4039 cflnls'ro
1118 3965 1204 4040 velut
1229 3967 1334 4072 cupite
1364 3967 1499 4072 sumpsit
1525 3966 1718 4059 exordium,
1753 3992 1839 4041 nunc
1870 3969 1956 4041 unde

365 4118 587 4195 Catlraronem
618 4116 769 4191 Ecclesia
803 4119 961 4220 originem
986 4119 1118 4195 duxerit
1145 4121 1358 4199 ostendamus.
1412 4122 1503 4198 Sicut
1529 4122 1612 4196 enim
1638 4147 1700 4223 per
1722 4102 1957 4197 universitateu

362 4273 557 4348 creditorum
591 4269 633 4343 ab
664 4271 815 4346 Ecclesia
849 4273 1008 4368 Romana
1045 4286 1218 4354 ostensum·
1232 4287 1298 4372 est,
1340 4277 1431 4380 quod
1465 4277 1538 4382 ipsa
1570 4285 1616 4351 est
1646 4299 1807 4354 crrmsrr
1834 4277 1956 4352 Eccle-

391 4627 432 4694 (1)
451 4624 505 4675 ub.
523 4624 556 4675 V.
575 4622 635 4688 Cep.
655 4621 691 4673 11.
710 4637 737 4690 p.
755 4620 814 4672 ⁴11.
