4642 6224
1147 466 1176 548 t

354 755 479 829 horum
502 752 682 829 bominum
705 754 826 829 hocin
850 754 978 855 scripto
1002 756 1153 858 acepite
1173 753 1216 828 ad
1239 753 1364 827 calcem
1388 751 1536 851 probare
1555 750 1689 826 studet:
1715 776 1786 854 quo
1810 766 1845 827 et
1873 780 1972 829 corr-

357 911 433 984 silio
469 907 512 983 ad
537 921 838 984 monumentorum
865 911 1085 1010 antiquorum
1108 920 1275 1011 provocat
1297 908 1499 982 testimonia.
1539 906 1702 1006 Ejusdem
1724 908 1853 983 ordinis
1882 924 1971 985 sunt

353 1091 388 1141 ι’.
414 1087 547 1141 nonna
571 1064 649 1168 (l),
673 1088 719 1139 m.
744 1086 928 1140 scatens
952 1065 1031 1166 (2);
1056 1066 1138 1141 item
1154 1090 1191 1140 n.
1216 1085 1468 1141 annueremus
1490 1063 1568 1163 (3),
1590 1068 1749 1164 quamvis
1774 1092 1843 1140 non
1858 1092 1968 1141 omne

356 1234 457 1322 negm
491 1218 698 1311 discrimen,
732 1218 826 1319 qnod
864 1221 1015 1323 utrisque
1054 1220 1306 1324 adscripserunt
1335 1220 1415 1314 alii3
1448 1233 1482 1293 et
1517 1241 1740 1296 sternutus
1775 1223 1857 1322 (d),
1900 1212 1967 1327 qui

360 1376 437 1451 data
462 1402 565 1476 opera
596 1373 785 1475 Albiqerues
819 1375 992 1453 vindicam
1028 1389 1172 1452 conatur
1207 1378 1251 1451 ab
1288 1378 1578 1469 decimationibus,
1611 1377 1738 1478 quibus
1764 1392 1893 1456 veteres
1928 1393 1968 1453 et

363 1530 562 1607 recentiores
594 1532 776 1633 scriptores
797 1557 856 1606 eos
881 1534 1075 1636 petierunt3
1093 1531 1255 1606 nonnulla
1282 1544 1395 1606 umen
1425 1533 1526 1606 fuisse
1549 1546 1720 1624 statuens,
1751 1535 1876 1635 quibus
1914 1535 1969 1609 illi

361 1715 381 1760 a
411 1686 624 1762 Veliternum
651 1686 890 1787 discreparent.
939 1689 1122 1766 Brevitatis
1148 1690 1249 1762 causd
1277 1687 1361 1760 alios
1381 1701 1566 1788 praetereo.

406 1845 687 1945 Vituperntorum
723 1869 845 1942 agmen
873 1844 1022 1917 maxime
1062 1842 1191 1916 ducunt
1223 1841 1392 1932 Jeuu'luc,
1426 1843 1488 1942 qui
1520 1843 1643 1945 scriptu
1675 1842 1780 1917 medii
1817 1846 1891 1923 ueri
1923 1846 1968 1921 de

366 1998 581 2075 Valeant-itas
608 2012 642 2072 et
671 1995 900 2098 Atbigaauua
935 1999 972 2070 in
994 1998 1105 2070 lucem
1141 1994 1318 2069 ediderunt
1349 1997 1459 2095 iisque
1489 1999 1744 2073 annotationem
1762 1999 1965 2098 adjecerunt

363 2162 412 2233 Et
447 2180 548 2230 nemo
582 2152 679 2226 facile
708 2152 937 2230 vehementior
974 2178 1078 2252 quam
1116 2175 1343 2226 onnnznnus
1355 2203 1367 2241 ,
1403 2153 1436 2224 eir
1468 2152 1718 2253 Prolegomenia
1751 2155 1799 2229 od
1829 2180 1964 2233 nocue

368 2310 529 2388 Tadeos
571 2309 801 2385 Seaccedmos.
851 2308 1043 2410 Albigeuses
1078 2308 1171 2381 enim
1205 2306 1253 2378 ait
1287 2305 1368 2407 (5),
1410 2333 1480 2380 nou
1513 2310 1597 2383 alios
1639 2336 1745 2410 quum
1789 2309 1968 2387 Valdeoeea

367 2494 439 2541 esse
473 2464 667 2559 lualaendos,
691 2466 819 2568 quippe
842 2464 937 2567 quod
960 2466 997 2538 in
1021 2475 1199 2563 comperto
1222 2461 1288 2553 sit,
1311 2475 1346 2535 et
1366 2461 1509 2535 fateatur
1534 2488 1672 2566 quoque
1691 2488 1906 2544 suessanus
1931 2471 1969 2544 in

367 2623 458 2697 libro
487 2621 645 2725 Mysten'a'
667 2620 854 2723 munaldus.
904 2621 1050 2715 Qualem
1076 2632 1188 2693 autem
1217 2618 1416 2690 sententiam
1441 2615 1484 2690 de
1506 2616 1719 2692 Vatdeaatas
1742 2620 1872 2715 tulerit,
1896 2626 1970 2722 jam

365 2781 586 2880 intelligimus
606 2806 648 2854 ex
676 2777 776 2851 titulo
805 2776 957 2878 Capitis,
980 2776 1069 2850 unde
1092 2774 1159 2849 hoc
1182 2772 1437 2871 descripsimus:
1468 2769 1509 2846 de
1531 2772 1726 2847 Pena'aosa
1749 2785 1852 2850 sectae
1869 2778 1968 2879 liupila

358 2935 590 3035 soecundalote.
641 2936 804 3009 Similiter
832 2945 981 3006 mentem
998 2930 1158 3031 explicuit
1184 2950 1354 3002 rennues
1380 2948 1597 3020 Maternus,
1621 2931 1655 3002 in
1681 2929 1897 3028 Praefatioae
1921 2936 1969 3010 ud

366 3091 517 3191 ejusdem
544 3109 676 3168 nuens
695 3086 897 3177 historiam,
928 3110 1033 3185 quam
1061 3083 1235 3183 inscripsit
1261 3081 1302 3154 dc
1323 3084 1548 3157 controversis
1565 3084 1729 3162 adversus
1747 3087 1940 3191 Alligatus
1951 3121 1967 3181 ;

368 3247 428 3322 ubi
467 3246 632 3347 legimuse
669 3240 844 3316 Valdeuses
874 3266 930 3314 seu
954 3265 1118 3345 pauperes
1146 3237 1188 3311 de
1220 3234 1409 3337 Lagona,
1442 3240 1503 3341 poi
1532 3239 1628 3314 uilem
1654 3241 1846 3345 Alligemes
1873 3258 1966 3339 nost,

370 3404 496 3478 nomine
509 3402 596 3493 olio,
619 3427 692 3474 cum
717 3397 829 3472 eudem
841 3397 952 3496 feram
976 3404 1186 3495 mammeae
1204 3391 1484 3466 semidoctum
1507 3395 1635 3498 cupita,
1659 3422 1760 3499 aeque
1782 3399 1970 3477 nulla&

368 3567 502 3664 crepunt
523 3565 636 3632 octale.
686 3555 790 3657 Atqui
808 3579 889 3628 eum
912 3551 954 3625 de
977 3546 1205 3652 Alhrgmsalrus
1228 3546 1340 3620 minus
1362 3547 1507 3649 benigne
1532 3551 1674 3645 sentire,
1696 3553 1801 3652 paulo
1828 3557 1968 3633 inferius

369 3693 537 3805 asenne,
559 3709 721 3785 nanno:
745 3706 971 3809 surgam
987 3703 1112 3809 ,aaa
1139 3703 1240 3778 mata
1259 3701 1418 3800 eme:
1440 3704 1562 3779 nouam
1584 3708 1667 3782 aem
1691 3719 1761 3784 aa
1769 3711 1879 3809 same
1899 3713 1969 3787 rm.
2089 3688 2098 3699 ’

365 3867 496 3974 pa‘etatie
521 3892 643 3970 pensas,
665 3863 756 3967 quod
778 3862 804 3935 it
824 3862 966 3937 homiues
986 3888 1052 3936 aon
1071 3861 1284 3965 welpered,
1307 3859 1520 3964 docerentque
1539 3863 1623 3938 alios
1642 3864 1713 3966 (6).
1764 3869 1830 3943 Sed
1863 3885 1969 3969 poet.

394 4239 434 4304 (1)
458 4238 557 4303 Δόνσςό
573 4237 605 4286 de
622 4233 758 4284 l'lu'atos'ra
774 4229 820 4279 uu
842 4227 966 4278 Varadeto.
991 4244 1018 4294 p.
1036 4227 1063 4277 ³.

398 4329 439 4394 (2)
463 4327 582 4378 lltatora'e
599 4326 646 4375 aar
664 4322 826 4374 Μάσπιοι.
846 4335 872 4385 p.
894 4318 952 4368 180.

396 4419 436 4484 (³)
464 4417 589 4482 Operum.
616 4415 686 4464 Turn.
705 4413 729 4464 1.
755 4429 782 4478 p.
803 4409 868 4460 tuoe
886 4423 944 4472 oqq.

392 4507 432 4575 (d)
457 4507 575 4557 lltatos'n
592 4505 623 4554 da
639 4503 752 4570 l'Bqla'ae
769 4502 864 4568 deputa
880 4498 907 4550 Ι.
929 4497 1031 4549 certat.
1044 4495 1160 4562 ΜΝ
1173 4501 1293 4561 pressat.
1313 4494 1370 4546 Vol.
1390 4496 1426 4547 ll.
1446 4514 1472 4563 p.
1494 4495 1572 4547 teor.

252 4608 258 4623 ’
392 4600 432 4664 (t)
458 4597 591 4647 Mustelae
608 4595 789 4646 Btlltotltaeoa
811 4592 932 4645 raama
950 4589 1073 4641 raam.
1099 4587 1170 4639 Tem.
1189 4586 1264 4638 XXV.
1289 4603 1315 4653 p.
1334 4585 1397 4638 2⁵2.

396 4688 437 4755 (e)
461 4687 558 4740 ratam
575 4703 602 4753 p.
622 4685 680 4738 roo.
