<?xml version="1.0" encoding="UTF-8"?>
<!DOCTYPE html PUBLIC "-//W3C//DTD XHTML 1.0 Transitional//EN"
    "http://www.w3.org/TR/xhtml1/DTD/xhtml1-transitional.dtd">
<html xmlns="http://www.w3.org/1999/xhtml" xml:lang="en" lang="en">
 <head>
  <title>
</title>
<meta http-equiv="Content-Type" content="text/html;charset=utf-8" />
  <meta name='ocr-system' content='tesseract 3.04.00' />
  <meta name='ocr-capabilities' content='ocr_page ocr_carea ocr_par ocr_line ocrx_word'/>
</head>
<body>
  <div class='ocr_page' id='page_1' title='image "./disputatioacade00jasgoog_0092.png"; bbox 0 0 4642 6224; ppageno 0'>
   <div class='ocr_carea' id='block_1_1' title="bbox 1018 454 1075 540">
    <p class='ocr_par' dir='ltr' id='par_1_1' title="bbox 1018 454 1075 540">
     <span class='ocr_line' id='line_1_1' title="bbox 1018 454 1075 540; baseline 0 0"><span class='ocrx_word' id='word_1_1' title='bbox 1018 454 1075 540; x_wconf 87' lang='lat'><strong>77</strong></span> 
     </span>
    </p>
   </div>
   <div class='ocr_carea' id='block_1_2' title="bbox 148 741 1909 3474">
    <p class='ocr_par' dir='ltr' id='par_1_2' title="bbox 148 741 1909 3474">
     <span class='ocr_line' id='line_1_2' title="bbox 252 741 1852 852; baseline -0.008 -26"><span class='ocrx_word' id='word_1_2' title='bbox 252 757 364 850; x_wconf 82' lang='lat' dir='ltr'><strong>parles</strong></span> <span class='ocrx_word' id='word_1_3' title='bbox 386 747 613 850; x_wconf 77' lang='lat' dir='ltr'><strong>Albigeusium</strong></span> <span class='ocrx_word' id='word_1_4' title='bbox 637 744 804 852; x_wconf 75' lang='lat' dir='ltr'><strong>profien&#39;sci</strong></span> <span class='ocrx_word' id='word_1_5' title='bbox 828 743 876 817; x_wconf 83' lang='lat' dir='ltr'><strong>ad</strong></span> <span class='ocrx_word' id='word_1_6' title='bbox 900 741 1179 817; x_wconf 68' lang='lat' dir='ltr'><strong><em>exterminandam</em></strong></span> <span class='ocrx_word' id='word_1_7' title='bbox 1206 741 1380 835; x_wconf 73' lang='lat' dir='ltr'><em>haeresim,</em></span> <span class='ocrx_word' id='word_1_8' title='bbox 1403 769 1472 846; x_wconf 85' lang='lat' dir='ltr'><strong>qua</strong></span> <span class='ocrx_word' id='word_1_9' title='bbox 1491 743 1611 843; x_wconf 78' lang='lat' dir='ltr'><strong>insecta</strong></span> <span class='ocrx_word' id='word_1_10' title='bbox 1629 746 1747 845; x_wconf 77' lang='lat' dir='ltr'><strong>fuerat</strong></span> <span class='ocrx_word' id='word_1_11' title='bbox 1767 775 1852 851; x_wconf 76' lang='lat' dir='ltr'><strong>pro-</strong></span> 
     </span>
     <span class='ocr_line' id='line_1_3' title="bbox 253 896 1853 1005; baseline 0.001 -29"><span class='ocrx_word' id='word_1_12' title='bbox 253 905 360 978; x_wconf 83' lang='lat' dir='ltr'><strong>uincia</strong></span> <span class='ocrx_word' id='word_1_13' title='bbox 386 903 605 978; x_wconf 75' lang='lat' dir='ltr'><strong>Narbonensis</strong></span> <span class='ocrx_word' id='word_1_14' title='bbox 612 952 624 995; x_wconf 90' lang='lat'><strong>,</strong></span> <span class='ocrx_word' id='word_1_15' title='bbox 647 928 823 1005; x_wconf 79' lang='lat' dir='ltr'><strong><em>numquam</em></strong></span> <span class='ocrx_word' id='word_1_16' title='bbox 841 906 976 1004; x_wconf 80' lang='lat' dir='ltr'><strong>praeter</strong></span> <span class='ocrx_word' id='word_1_17' title='bbox 994 897 1089 972; x_wconf 85' lang='lat' dir='ltr'><strong>semel</strong></span> <span class='ocrx_word' id='word_1_18' title='bbox 1110 898 1145 970; x_wconf 89' lang='lat' dir='ltr'><strong>iu</strong></span> <span class='ocrx_word' id='word_1_19' title='bbox 1166 896 1346 972; x_wconf 79' lang='lat' dir='ltr'><strong>Franciam</strong></span> <span class='ocrx_word' id='word_1_20' title='bbox 1369 905 1415 972; x_wconf 76' lang='lat' dir='ltr'><strong>esi</strong></span> <span class='ocrx_word' id='word_1_21' title='bbox 1438 924 1596 976; x_wconf 77' lang='lat' dir='ltr'><strong>revereris.</strong></span> <span class='ocrx_word' id='word_1_22' title='bbox 1624 902 1691 976; x_wconf 89' lang='lat' dir='ltr'><strong>Cui</strong></span> <span class='ocrx_word' id='word_1_23' title='bbox 1714 903 1853 1004; x_wconf 81' lang='lat' dir='ltr'><strong>adjungi</strong></span> 
     </span>
     <span class='ocr_line' id='line_1_4' title="bbox 256 1053 1909 1156; baseline -0.001 -24"><span class='ocrx_word' id='word_1_24' title='bbox 256 1071 405 1132; x_wconf 85' lang='lat' dir='ltr'><strong>meretur</strong></span> <span class='ocrx_word' id='word_1_25' title='bbox 445 1059 676 1132; x_wconf 79' lang='lat' dir='ltr'><strong>testimonium</strong></span> <span class='ocrx_word' id='word_1_26' title='bbox 722 1079 942 1132; x_wconf 73' lang='lat' dir='ltr'><strong>amntem</strong></span> <span class='ocrx_word' id='word_1_27' title='bbox 984 1053 1025 1126; x_wconf 84' lang='lat' dir='ltr'><strong>de</strong></span> <span class='ocrx_word' id='word_1_28' title='bbox 1071 1074 1219 1130; x_wconf 75' lang='lat' dir='ltr'><strong>nancta</strong></span> <span class='ocrx_word' id='word_1_29' title='bbox 1231 1105 1243 1143; x_wconf 96' lang='lat'><strong>,</strong></span> <span class='ocrx_word' id='word_1_30' title='bbox 1288 1078 1389 1154; x_wconf 85' lang='lat' dir='ltr'><strong>supra</strong></span> <span class='ocrx_word' id='word_1_31' title='bbox 1420 1056 1491 1154; x_wconf 83' lang='lat' dir='ltr'><strong>jam</strong></span> <span class='ocrx_word' id='word_1_32' title='bbox 1527 1053 1744 1156; x_wconf 87' lang='lat' dir='ltr'><strong>descriptum.</strong></span> <span class='ocrx_word' id='word_1_33' title='bbox 1807 1060 1855 1133; x_wconf 85' lang='lat' dir='ltr'><strong>Et</strong></span> <span class='ocrx_word' id='word_1_34' title='bbox 1896 1063 1909 1067; x_wconf 79' lang='grc'><em>“</em></span> 
     </span>
     <span class='ocr_line' id='line_1_5' title="bbox 254 1208 1855 1313; baseline -0.001 -28"><span class='ocrx_word' id='word_1_35' title='bbox 254 1237 333 1286; x_wconf 88' lang='lat' dir='ltr'><strong>sane</strong></span> <span class='ocrx_word' id='word_1_36' title='bbox 355 1237 439 1289; x_wconf 83' lang='lat' dir='ltr'><strong>voce</strong></span> <span class='ocrx_word' id='word_1_37' title='bbox 460 1211 683 1313; x_wconf 77' lang='lat' dir='ltr'><strong>Allripensium</strong></span> <span class='ocrx_word' id='word_1_38' title='bbox 709 1239 729 1284; x_wconf 93' lang='lat' dir='ltr'><strong>a</strong></span> <span class='ocrx_word' id='word_1_39' title='bbox 753 1209 975 1310; x_wconf 80' lang='lat' dir='ltr'><strong>scriptoribus</strong></span> <span class='ocrx_word' id='word_1_40' title='bbox 994 1209 1141 1309; x_wconf 78' lang='lat' dir='ltr'><strong>antiquis</strong></span> <span class='ocrx_word' id='word_1_41' title='bbox 1165 1208 1275 1283; x_wconf 88' lang='lat' dir='ltr'><strong>dictos</strong></span> <span class='ocrx_word' id='word_1_42' title='bbox 1292 1235 1363 1284; x_wconf 88' lang='lat' dir='ltr'><strong>esse</strong></span> <span class='ocrx_word' id='word_1_43' title='bbox 1388 1209 1605 1304; x_wconf 77' lang='lat' dir='ltr'><strong>Haerelicos,</strong></span> <span class='ocrx_word' id='word_1_44' title='bbox 1629 1212 1690 1310; x_wconf 86' lang='lat' dir='ltr'><strong>qui</strong></span> <span class='ocrx_word' id='word_1_45' title='bbox 1714 1212 1855 1288; x_wconf 86' lang='lat' dir='ltr'><strong>univer-</strong></span> 
     </span>
     <span class='ocr_line' id='line_1_6' title="bbox 255 1364 1856 1468; baseline -0.001 -30"><span class='ocrx_word' id='word_1_46' title='bbox 255 1391 328 1438; x_wconf 88' lang='lat' dir='ltr'><strong>sam</strong></span> <span class='ocrx_word' id='word_1_47' title='bbox 352 1367 496 1439; x_wconf 82' lang='lat' dir='ltr'><strong>Galliam</strong></span> <span class='ocrx_word' id='word_1_48' title='bbox 516 1366 773 1442; x_wconf 82' lang='lat' dir='ltr'><strong>meridionalem</strong></span> <span class='ocrx_word' id='word_1_49' title='bbox 796 1366 1001 1458; x_wconf 85' lang='lat' dir='ltr'><strong>incolerent,</strong></span> <span class='ocrx_word' id='word_1_50' title='bbox 1024 1392 1065 1440; x_wconf 88' lang='lat' dir='ltr'><strong>ex</strong></span> <span class='ocrx_word' id='word_1_51' title='bbox 1088 1391 1130 1439; x_wconf 91' lang='lat' dir='ltr'><strong>eo</strong></span> <span class='ocrx_word' id='word_1_52' title='bbox 1158 1364 1342 1465; x_wconf 84' lang='lat' dir='ltr'><strong>intelligere</strong></span> <span class='ocrx_word' id='word_1_53' title='bbox 1370 1365 1471 1439; x_wconf 89' lang='lat' dir='ltr'><strong>nohis</strong></span> <span class='ocrx_word' id='word_1_54' title='bbox 1496 1365 1671 1459; x_wconf 83' lang='lat' dir='ltr'><strong>videmur,</strong></span> <span class='ocrx_word' id='word_1_55' title='bbox 1697 1364 1791 1468; x_wconf 89' lang='lat' dir='ltr'><strong>quod</strong></span> <span class='ocrx_word' id='word_1_56' title='bbox 1814 1365 1856 1437; x_wconf 88' lang='lat' dir='ltr'><strong>de</strong></span> 
     </span>
     <span class='ocr_line' id='line_1_7' title="bbox 148 1519 1858 1619; baseline -0.002 -25"><span class='ocrx_word' id='word_1_57' title='bbox 148 1542 150 1545; x_wconf 85' lang='grc'><em>·</em></span> <span class='ocrx_word' id='word_1_58' title='bbox 253 1519 464 1619; x_wconf 72' lang='lat' dir='ltr'><strong>expeditione</strong></span> <span class='ocrx_word' id='word_1_59' title='bbox 495 1521 637 1595; x_wconf 89' lang='lat' dir='ltr'><strong>militari</strong></span> <span class='ocrx_word' id='word_1_60' title='bbox 670 1547 738 1595; x_wconf 90' lang='lat' dir='ltr'><strong>non</strong></span> <span class='ocrx_word' id='word_1_61' title='bbox 764 1520 896 1596; x_wconf 82' lang='lat' dir='ltr'><strong>tradere</strong></span> <span class='ocrx_word' id='word_1_62' title='bbox 920 1521 1049 1612; x_wconf 86' lang='lat' dir='ltr'><strong>solent,</strong></span> <span class='ocrx_word' id='word_1_63' title='bbox 1072 1547 1149 1593; x_wconf 89' lang='lat' dir='ltr'><strong>eam</strong></span> <span class='ocrx_word' id='word_1_64' title='bbox 1173 1521 1209 1593; x_wconf 91' lang='lat' dir='ltr'><strong>in</strong></span> <span class='ocrx_word' id='word_1_65' title='bbox 1232 1521 1491 1611; x_wconf 78' lang='lat' dir='ltr'><strong>Auenionenses,</strong></span> <span class='ocrx_word' id='word_1_66' title='bbox 1518 1520 1741 1619; x_wconf 74' lang='lat' dir='ltr'><strong>Aginuenses,</strong></span> <span class='ocrx_word' id='word_1_67' title='bbox 1766 1520 1858 1594; x_wconf 86' lang='lat' dir='ltr'><strong>Car-</strong></span> 
     </span>
     <span class='ocr_line' id='line_1_8' title="bbox 253 1673 1858 1776; baseline -0.002 -29"><span class='ocrx_word' id='word_1_68' title='bbox 253 1700 476 1768; x_wconf 86' lang='lat' dir='ltr'><strong>cassonenses,</strong></span> <span class='ocrx_word' id='word_1_69' title='bbox 504 1676 710 1768; x_wconf 78' lang='lat' dir='ltr'><strong>Tolosanis,</strong></span> <span class='ocrx_word' id='word_1_70' title='bbox 733 1677 941 1776; x_wconf 82' lang='lat' dir='ltr'><strong>quinetiam</strong></span> <span class='ocrx_word' id='word_1_71' title='bbox 970 1674 1216 1766; x_wconf 72' lang='lat' dir='ltr'><strong>Narbonenses,</strong></span> <span class='ocrx_word' id='word_1_72' title='bbox 1242 1674 1300 1747; x_wconf 91' lang='lat' dir='ltr'><strong>sed</strong></span> <span class='ocrx_word' id='word_1_73' title='bbox 1327 1674 1364 1746; x_wconf 91' lang='lat' dir='ltr'><strong>in</strong></span> <span class='ocrx_word' id='word_1_74' title='bbox 1392 1673 1586 1774; x_wconf 64' lang='lat' dir='ltr'><strong>Albtgemes</strong></span> <span class='ocrx_word' id='word_1_75' title='bbox 1611 1685 1799 1772; x_wconf 75' lang='lat' dir='ltr'><strong>susceptam</strong></span> <span class='ocrx_word' id='word_1_76' title='bbox 1824 1685 1858 1744; x_wconf 89' lang='lat' dir='ltr'><strong>et</strong></span> 
     </span>
     <span class='ocr_line' id='line_1_9' title="bbox 257 1827 1858 1930; baseline -0.001 -30"><span class='ocrx_word' id='word_1_77' title='bbox 257 1842 429 1925; x_wconf 89' lang='lat' dir='ltr'><strong>peractam</strong></span> <span class='ocrx_word' id='word_1_78' title='bbox 457 1855 538 1906; x_wconf 89' lang='lat' dir='ltr'><strong>esse.</strong></span> <span class='ocrx_word' id='word_1_79' title='bbox 586 1832 687 1907; x_wconf 88' lang='lat' dir='ltr'><strong>Nunc</strong></span> <span class='ocrx_word' id='word_1_80' title='bbox 704 1833 797 1904; x_wconf 89' lang='lat' dir='ltr'><strong>enim</strong></span> <span class='ocrx_word' id='word_1_81' title='bbox 818 1843 1011 1921; x_wconf 81' lang='lat' dir='ltr'><strong>nontamen,</strong></span> <span class='ocrx_word' id='word_1_82' title='bbox 1043 1829 1138 1929; x_wconf 89' lang='lat' dir='ltr'><strong>quod</strong></span> <span class='ocrx_word' id='word_1_83' title='bbox 1167 1831 1328 1903; x_wconf 84' lang='lat' dir='ltr'><strong>exercitui</strong></span> <span class='ocrx_word' id='word_1_84' title='bbox 1352 1829 1552 1930; x_wconf 88' lang='lat' dir='ltr'><strong>impositum</strong></span> <span class='ocrx_word' id='word_1_85' title='bbox 1579 1842 1670 1920; x_wconf 86' lang='lat' dir='ltr'><strong>crat,</strong></span> <span class='ocrx_word' id='word_1_86' title='bbox 1694 1827 1858 1928; x_wconf 80' lang='lat' dir='ltr'><strong>negotium</strong></span> 
     </span>
     <span class='ocr_line' id='line_1_10' title="bbox 254 1980 1861 2085; baseline -0.002 -29"><span class='ocrx_word' id='word_1_87' title='bbox 254 1981 480 2084; x_wconf 80' lang='lat' dir='ltr'><strong>Albigeresium</strong></span> <span class='ocrx_word' id='word_1_88' title='bbox 505 1982 565 2082; x_wconf 93' lang='lat' dir='ltr'><strong>(l)</strong></span> <span class='ocrx_word' id='word_1_89' title='bbox 602 1996 768 2079; x_wconf 73' lang='lat' dir='ltr'><strong>vocatur,</strong></span> <span class='ocrx_word' id='word_1_90' title='bbox 802 2009 893 2058; x_wconf 89' lang='lat' dir='ltr'><strong>nunc</strong></span> <span class='ocrx_word' id='word_1_91' title='bbox 924 1983 965 2055; x_wconf 83' lang='lat' dir='ltr'><strong>de</strong></span> <span class='ocrx_word' id='word_1_92' title='bbox 996 2008 1097 2081; x_wconf 78' lang='lat' dir='ltr'><strong>repno</strong></span> <span class='ocrx_word' id='word_1_93' title='bbox 1115 1980 1326 2056; x_wconf 79' lang='lat' dir='ltr'><strong>Francorum</strong></span> <span class='ocrx_word' id='word_1_94' title='bbox 1345 1983 1486 2083; x_wconf 81' lang='lat' dir='ltr'><strong>grandis</strong></span> <span class='ocrx_word' id='word_1_95' title='bbox 1502 1982 1665 2085; x_wconf 83' lang='lat' dir='ltr'><strong>profectio</strong></span> <span class='ocrx_word' id='word_1_96' title='bbox 1679 1981 1777 2077; x_wconf 79' lang='lat' dir='ltr'><strong>sacta</strong></span> <span class='ocrx_word' id='word_1_97' title='bbox 1796 2006 1861 2054; x_wconf 87' lang='lat' dir='ltr'><strong>esse</strong></span> 
     </span>
     <span class='ocr_line' id='line_1_11' title="bbox 256 2134 1860 2237; baseline 0.001 -30"><span class='ocrx_word' id='word_1_98' title='bbox 256 2136 380 2209; x_wconf 88' lang='lat' dir='ltr'><strong>dicitur</strong></span> <span class='ocrx_word' id='word_1_99' title='bbox 403 2136 558 2209; x_wconf 64' lang='lat' dir='ltr'><strong>miramus</strong></span> <span class='ocrx_word' id='word_1_100' title='bbox 587 2135 784 2209; x_wconf 78' lang='lat' dir='ltr'><strong>Haereticos</strong></span> <span class='ocrx_word' id='word_1_101' title='bbox 816 2134 1009 2237; x_wconf 63' lang='lat' dir='ltr'><strong>Albtgeuses</strong></span> <span class='ocrx_word' id='word_1_102' title='bbox 1024 2137 1083 2236; x_wconf 85' lang='lat'><strong>(2)</strong></span> <span class='ocrx_word' id='word_1_103' title='bbox 1095 2163 1108 2225; x_wconf 89' lang='lat'><em>;</em></span> <span class='ocrx_word' id='word_1_104' title='bbox 1143 2163 1236 2210; x_wconf 90' lang='lat' dir='ltr'><strong>nunc</strong></span> <span class='ocrx_word' id='word_1_105' title='bbox 1262 2136 1302 2209; x_wconf 84' lang='lat' dir='ltr'><strong>de</strong></span> <span class='ocrx_word' id='word_1_106' title='bbox 1330 2137 1451 2210; x_wconf 77' lang='lat' dir='ltr'><strong>cunctis</strong></span> <span class='ocrx_word' id='word_1_107' title='bbox 1481 2135 1665 2209; x_wconf 75' lang='lat' dir='ltr'><strong>Galliarum</strong></span> <span class='ocrx_word' id='word_1_108' title='bbox 1691 2135 1860 2235; x_wconf 78' lang='lat' dir='ltr'><strong>partibus,</strong></span> 
     </span>
     <span class='ocr_line' id='line_1_12' title="bbox 257 2252 1861 2394; baseline -0.001 -30"><span class='ocrx_word' id='word_1_109' title='bbox 257 2300 323 2364; x_wconf 80' lang='lat' dir='ltr'><strong>lam</strong></span> <span class='ocrx_word' id='word_1_110' title='bbox 363 2289 633 2394; x_wconf 82' lang='lat' dir='ltr'><strong>Episcoporum,</strong></span> <span class='ocrx_word' id='word_1_111' title='bbox 664 2317 764 2391; x_wconf 79' lang='lat' dir='ltr'><strong>quam</strong></span> <span class='ocrx_word' id='word_1_112' title='bbox 800 2291 935 2365; x_wconf 80' lang='lat' dir='ltr'><strong>militum</strong></span> <span class='ocrx_word' id='word_1_113' title='bbox 973 2302 1002 2366; x_wconf 85' lang='lat' dir='ltr'><strong>el</strong></span> <span class='ocrx_word' id='word_1_114' title='bbox 1041 2292 1216 2366; x_wconf 82' lang='lat' dir='ltr'><strong>Beronum</strong></span> <span class='ocrx_word' id='word_1_115' title='bbox 1228 2347 1239 2385; x_wconf 92' lang='lat'>‚</span> <span class='ocrx_word' id='word_1_116' title='bbox 1276 2319 1318 2364; x_wconf 89' lang='lat' dir='ltr'><strong>ac</strong></span> <span class='ocrx_word' id='word_1_117' title='bbox 1349 2292 1442 2393; x_wconf 81' lang='lat' dir='ltr'><strong>uulgi</strong></span> <span class='ocrx_word' id='word_1_118' title='bbox 1476 2318 1644 2366; x_wconf 86' lang='lat' dir='ltr'><strong>numerum</strong></span> <span class='ocrx_word' id='word_1_119' title='bbox 1679 2252 1838 2390; x_wconf 74' lang='lat' dir='ltr'><strong>infinitum</strong></span> <span class='ocrx_word' id='word_1_120' title='bbox 1850 2345 1861 2380; x_wconf 93' lang='lat'><strong>,</strong></span> 
     </span>
     <span class='ocr_line' id='line_1_13' title="bbox 258 2442 1862 2551; baseline 0.002 -35"><span class='ocrx_word' id='word_1_121' title='bbox 258 2450 372 2517; x_wconf 87' lang='lat' dir='ltr'><strong>contra</strong></span> <span class='ocrx_word' id='word_1_122' title='bbox 401 2442 594 2544; x_wconf 79' lang='lat' dir='ltr'><strong>Albigaues</strong></span> <span class='ocrx_word' id='word_1_123' title='bbox 627 2442 824 2516; x_wconf 78' lang='lat' dir='ltr'><strong>Haereticos</strong></span> <span class='ocrx_word' id='word_1_124' title='bbox 854 2447 1035 2519; x_wconf 87' lang='lat' dir='ltr'><strong>conuenisse</strong></span> <span class='ocrx_word' id='word_1_125' title='bbox 1061 2447 1206 2548; x_wconf 87' lang='lat' dir='ltr'><strong>legimus</strong></span> <span class='ocrx_word' id='word_1_126' title='bbox 1223 2448 1304 2547; x_wconf 74' lang='lat'><strong>(3),</strong></span> <span class='ocrx_word' id='word_1_127' title='bbox 1337 2461 1547 2546; x_wconf 89' lang='lat' dir='ltr'><strong>postremum</strong></span> <span class='ocrx_word' id='word_1_128' title='bbox 1573 2472 1646 2551; x_wconf 77' lang='lat' dir='ltr'><strong>pua</strong></span> <span class='ocrx_word' id='word_1_129' title='bbox 1672 2450 1862 2549; x_wconf 87' lang='lat' dir='ltr'><strong>composita</strong></span> 
     </span>
     <span class='ocr_line' id='line_1_14' title="bbox 255 2596 1861 2701; baseline 0.002 -29"><span class='ocrx_word' id='word_1_130' title='bbox 255 2624 326 2672; x_wconf 90' lang='lat' dir='ltr'><strong>esse</strong></span> <span class='ocrx_word' id='word_1_131' title='bbox 350 2598 514 2691; x_wconf 81' lang='lat' dir='ltr'><strong>traditur,</strong></span> <span class='ocrx_word' id='word_1_132' title='bbox 536 2596 619 2671; x_wconf 86' lang='lat' dir='ltr'><strong>iuter</strong></span> <span class='ocrx_word' id='word_1_133' title='bbox 646 2596 840 2699; x_wconf 82' lang='lat' dir='ltr'><strong>Albigenses</strong></span> <span class='ocrx_word' id='word_1_134' title='bbox 860 2608 891 2672; x_wconf 83' lang='lat' dir='ltr'><strong>et</strong></span> <span class='ocrx_word' id='word_1_135' title='bbox 912 2598 1064 2674; x_wconf 81' lang='lat' dir='ltr'><strong>Francos</strong></span> <span class='ocrx_word' id='word_1_136' title='bbox 1078 2602 1160 2701; x_wconf 76' lang='lat'>(4);</span> <span class='ocrx_word' id='word_1_137' title='bbox 1184 2615 1218 2700; x_wconf 81' lang='lat' dir='ltr'><strong>et</strong></span> <span class='ocrx_word' id='word_1_138' title='bbox 1250 2601 1368 2674; x_wconf 90' lang='lat' dir='ltr'><strong>multis</strong></span> <span class='ocrx_word' id='word_1_139' title='bbox 1400 2601 1497 2672; x_wconf 90' lang='lat' dir='ltr'><strong>anuis</strong></span> <span class='ocrx_word' id='word_1_140' title='bbox 1531 2614 1627 2699; x_wconf 89' lang='lat' dir='ltr'><strong>post,</strong></span> <span class='ocrx_word' id='word_1_141' title='bbox 1663 2626 1861 2677; x_wconf 76' lang='lat' dir='ltr'><strong>nannetu-</strong></span> 
     </span>
     <span class='ocr_line' id='line_1_15' title="bbox 257 2753 1862 2860; baseline -0.003 -29"><span class='ocrx_word' id='word_1_142' title='bbox 257 2779 325 2831; x_wconf 79' lang='lat' dir='ltr'><strong>cus</strong></span> <span class='ocrx_word' id='word_1_143' title='bbox 355 2755 395 2828; x_wconf 94' lang='lat' dir='ltr'><strong>II</strong></span> <span class='ocrx_word' id='word_1_144' title='bbox 418 2753 589 2828; x_wconf 71' lang='lat' dir='ltr'><strong>Ecclesiae</strong></span> <span class='ocrx_word' id='word_1_145' title='bbox 612 2756 853 2829; x_wconf 89' lang='lat' dir='ltr'><strong>communione</strong></span> <span class='ocrx_word' id='word_1_146' title='bbox 877 2781 896 2828; x_wconf 88' lang='lat' dir='ltr'><strong>a</strong></span> <span class='ocrx_word' id='word_1_147' title='bbox 923 2780 1124 2860; x_wconf 74' lang='lat' dir='ltr'><strong>suncanto</strong></span> <span class='ocrx_word' id='word_1_148' title='bbox 1148 2758 1207 2831; x_wconf 90' lang='lat' dir='ltr'><strong>IX</strong></span> <span class='ocrx_word' id='word_1_149' title='bbox 1228 2755 1411 2855; x_wconf 85' lang='lat' dir='ltr'><strong>expellitur</strong></span> <span class='ocrx_word' id='word_1_150' title='bbox 1430 2780 1498 2859; x_wconf 86' lang='lat' dir='ltr'><strong>pro</strong></span> <span class='ocrx_word' id='word_1_151' title='bbox 1523 2780 1586 2846; x_wconf 87' lang='lat' dir='ltr'><strong>eo,</strong></span> <span class='ocrx_word' id='word_1_152' title='bbox 1610 2769 1649 2826; x_wconf 90' lang='lat' dir='ltr'><strong>ut</strong></span> <span class='ocrx_word' id='word_1_153' title='bbox 1665 2757 1714 2827; x_wconf 87' lang='lat' dir='ltr'><strong>ait</strong></span> <span class='ocrx_word' id='word_1_154' title='bbox 1739 2758 1862 2829; x_wconf 89' lang='lat' dir='ltr'><strong>Ponti-</strong></span> 
     </span>
     <span class='ocr_line' id='line_1_16' title="bbox 257 2907 1865 3013; baseline -0.001 -31"><span class='ocrx_word' id='word_1_155' title='bbox 257 2910 331 3003; x_wconf 81' lang='lat' dir='ltr'><strong>fex,</strong></span> <span class='ocrx_word' id='word_1_156' title='bbox 365 2909 457 3010; x_wconf 81' lang='lat' dir='ltr'><strong>quod</strong></span> <span class='ocrx_word' id='word_1_157' title='bbox 488 2907 698 2982; x_wconf 80' lang='lat' dir='ltr'><strong>ueuaahilem</strong></span> <span class='ocrx_word' id='word_1_158' title='bbox 711 2910 858 3007; x_wconf 85' lang='lat' dir='ltr'><strong>fratrem</strong></span> <span class='ocrx_word' id='word_1_159' title='bbox 890 2919 1037 2984; x_wconf 81' lang='lat' dir='ltr'><strong>nostrum</strong></span> <span class='ocrx_word' id='word_1_160' title='bbox 1064 2932 1373 2988; x_wconf 74' lang='lat' dir='ltr'><strong>nnnsnnsntntm</strong></span> <span class='ocrx_word' id='word_1_161' title='bbox 1400 2909 1626 3013; x_wconf 76' lang='lat' dir='ltr'><strong>Episcopum,</strong></span> <span class='ocrx_word' id='word_1_162' title='bbox 1653 2908 1865 3010; x_wconf 78' lang='lat' dir='ltr'><strong>Apostolieae</strong></span> 
     </span>
     <span class='ocr_line' id='line_1_17' title="bbox 257 3062 1864 3172; baseline 0 -34"><span class='ocrx_word' id='word_1_163' title='bbox 257 3063 341 3138; x_wconf 85' lang='lat' dir='ltr'><strong>sedis</strong></span> <span class='ocrx_word' id='word_1_164' title='bbox 371 3064 531 3165; x_wconf 58' lang='lat' dir='ltr'><strong>legam</strong></span> <span class='ocrx_word' id='word_1_165' title='bbox 565 3089 604 3136; x_wconf 90' lang='lat' dir='ltr'><strong>ne</strong></span> <span class='ocrx_word' id='word_1_166' title='bbox 632 3064 667 3136; x_wconf 84' lang='lat' dir='ltr'><strong>in</strong></span> <span class='ocrx_word' id='word_1_167' title='bbox 692 3089 753 3136; x_wconf 78' lang='lat' dir='ltr'><strong>sim</strong></span> <span class='ocrx_word' id='word_1_168' title='bbox 777 3064 936 3164; x_wconf 75' lang='lat' dir='ltr'><strong>legatione</strong></span> <span class='ocrx_word' id='word_1_169' title='bbox 959 3066 1166 3172; x_wconf 72' lang='lat' dir='ltr'><strong>procederet,</strong></span> <span class='ocrx_word' id='word_1_170' title='bbox 1190 3093 1291 3168; x_wconf 83' lang='lat' dir='ltr'><strong>quam</strong></span> <span class='ocrx_word' id='word_1_171' title='bbox 1313 3065 1349 3138; x_wconf 90' lang='lat' dir='ltr'><strong>in</strong></span> <span class='ocrx_word' id='word_1_172' title='bbox 1376 3063 1601 3165; x_wconf 60' lang='lat' dir='ltr'><strong>Albrgensium</strong></span> <span class='ocrx_word' id='word_1_173' title='bbox 1625 3062 1774 3167; x_wconf 72' lang='lat' dir='ltr'><strong>pauidus</strong></span> <span class='ocrx_word' id='word_1_174' title='bbox 1800 3091 1864 3164; x_wconf 83' lang='lat' dir='ltr'><strong>pro</strong></span> 
     </span>
     <span class='ocr_line' id='line_1_18' title="bbox 260 3217 1865 3329; baseline -0.001 -37"><span class='ocrx_word' id='word_1_175' title='bbox 260 3218 524 3294; x_wconf 76' lang='lat' dir='ltr'><strong>cumularat-ione</strong></span> <span class='ocrx_word' id='word_1_176' title='bbox 557 3217 746 3294; x_wconf 74' lang='lat' dir='ltr'><strong>Catholicae</strong></span> <span class='ocrx_word' id='word_1_177' title='bbox 764 3218 856 3329; x_wconf 29' lang='lat' dir='ltr'><strong>&#39;fidei</strong></span> <span class='ocrx_word' id='word_1_178' title='bbox 880 3219 942 3294; x_wconf 84' lang='lat' dir='ltr'><strong>sibi</strong></span> <span class='ocrx_word' id='word_1_179' title='bbox 966 3220 1197 3313; x_wconf 82' lang='lat' dir='ltr'><strong>commisimus,</strong></span> <span class='ocrx_word' id='word_1_180' title='bbox 1216 3246 1282 3325; x_wconf 81' lang='lat' dir='ltr'><strong>per</strong></span> <span class='ocrx_word' id='word_1_181' title='bbox 1304 3219 1464 3322; x_wconf 79' lang='lat' dir='ltr'><strong>quosdam</strong></span> <span class='ocrx_word' id='word_1_182' title='bbox 1476 3218 1593 3316; x_wconf 85' lang='lat' dir='ltr'><strong>fideles</strong></span> <span class='ocrx_word' id='word_1_183' title='bbox 1615 3243 1692 3293; x_wconf 86' lang='lat' dir='ltr'><strong>suos</strong></span> <span class='ocrx_word' id='word_1_184' title='bbox 1715 3218 1865 3322; x_wconf 84' lang='lat' dir='ltr'><strong>impediri</strong></span> 
     </span>
     <span class='ocr_line' id='line_1_19' title="bbox 259 3372 1864 3474; baseline 0 -28"><span class='ocrx_word' id='word_1_185' title='bbox 259 3373 423 3447; x_wconf 80' lang='lat' dir='ltr'><strong>mandauit</strong></span> <span class='ocrx_word' id='word_1_186' title='bbox 440 3373 511 3473; x_wconf 87' lang='lat'><strong>(5).</strong></span> <span class='ocrx_word' id='word_1_187' title='bbox 546 3376 642 3466; x_wconf 85' lang='lat' dir='ltr'><strong>Quae</strong></span> <span class='ocrx_word' id='word_1_188' title='bbox 673 3399 752 3447; x_wconf 91' lang='lat' dir='ltr'><strong>cum</strong></span> <span class='ocrx_word' id='word_1_189' title='bbox 786 3372 833 3447; x_wconf 86' lang='lat' dir='ltr'><strong>ita</strong></span> <span class='ocrx_word' id='word_1_190' title='bbox 872 3375 940 3448; x_wconf 90' lang='lat' dir='ltr'><strong>sint</strong></span> <span class='ocrx_word' id='word_1_191' title='bbox 952 3428 964 3467; x_wconf 92' lang='lat'><strong>,</strong></span> <span class='ocrx_word' id='word_1_192' title='bbox 996 3389 1139 3451; x_wconf 86' lang='lat' dir='ltr'><strong>statuere</strong></span> <span class='ocrx_word' id='word_1_193' title='bbox 1168 3377 1257 3450; x_wconf 88' lang='lat' dir='ltr'><strong>haud</strong></span> <span class='ocrx_word' id='word_1_194' title='bbox 1285 3401 1464 3466; x_wconf 88' lang='lat' dir='ltr'><strong>veremur,</strong></span> <span class='ocrx_word' id='word_1_195' title='bbox 1488 3372 1714 3474; x_wconf 61' lang='lat' dir='ltr'><strong>Albtgaismm</strong></span> <span class='ocrx_word' id='word_1_196' title='bbox 1740 3399 1864 3448; x_wconf 88' lang='lat' dir='ltr'><strong>nornen</strong></span> 
     </span>
    </p>
   </div>
   <div class='ocr_carea' id='block_1_3' title="bbox 259 3527 1620 3631">
    <p class='ocr_par' dir='ltr' id='par_1_3' title="bbox 259 3527 1620 3631">
     <span class='ocr_line' id='line_1_20' title="bbox 259 3527 1620 3631; baseline 0.002 -31"><span class='ocrx_word' id='word_1_197' title='bbox 259 3527 413 3628; x_wconf 86' lang='lat' dir='ltr'><strong>generale</strong></span> <span class='ocrx_word' id='word_1_198' title='bbox 438 3527 561 3620; x_wconf 88' lang='lat' dir='ltr'><strong>luisse,</strong></span> <span class='ocrx_word' id='word_1_199' title='bbox 586 3554 656 3629; x_wconf 88' lang='lat' dir='ltr'><strong>quo</strong></span> <span class='ocrx_word' id='word_1_200' title='bbox 681 3528 810 3604; x_wconf 82' lang='lat' dir='ltr'><strong>Gallim</strong></span> <span class='ocrx_word' id='word_1_201' title='bbox 833 3528 1062 3606; x_wconf 86' lang='lat' dir='ltr'><strong>meridionalis</strong></span> <span class='ocrx_word' id='word_1_202' title='bbox 1092 3529 1266 3606; x_wconf 73' lang='lat' dir='ltr'><strong>Haeretici</strong></span> <span class='ocrx_word' id='word_1_203' title='bbox 1283 3531 1527 3631; x_wconf 82' lang='lat' dir='ltr'><strong>insignirentur</strong></span> <span class='ocrx_word' id='word_1_204' title='bbox 1549 3527 1620 3627; x_wconf 88' lang='lat'>(6).</span> 
     </span>
    </p>
   </div>
   <div class='ocr_carea' id='block_1_4' title="bbox 287 4008 1168 4101">
    <p class='ocr_par' dir='ltr' id='par_1_4' title="bbox 287 4008 1168 4101">
     <span class='ocr_line' id='line_1_21' title="bbox 287 4008 1168 4101; baseline 0.008 -21"><span class='ocrx_word' id='word_1_205' title='bbox 287 4029 330 4098; x_wconf 89' lang='lat'><strong>(1)</strong></span> <span class='ocrx_word' id='word_1_206' title='bbox 350 4031 503 4082; x_wconf 63' lang='lat' dir='ltr'><strong>carentena</strong></span> <span class='ocrx_word' id='word_1_207' title='bbox 520 4008 647 4082; x_wconf 63' lang='lat' dir='ltr'><strong>carnuti</strong></span> <span class='ocrx_word' id='word_1_208' title='bbox 665 4032 697 4084; x_wconf 83' lang='lat' dir='ltr'><strong>de</strong></span> <span class='ocrx_word' id='word_1_209' title='bbox 716 4032 800 4084; x_wconf 75' lang='lat' dir='ltr'><strong>Ponto</strong></span> <span class='ocrx_word' id='word_1_210' title='bbox 816 4048 960 4088; x_wconf 75' lang='lat' dir='ltr'><strong>uramur.</strong></span> <span class='ocrx_word' id='word_1_211' title='bbox 980 4033 999 4087; x_wconf 84' lang='lat' dir='ltr'><strong>l.</strong></span> <span class='ocrx_word' id='word_1_212' title='bbox 1018 4049 1042 4087; x_wconf 86' lang='lat' dir='ltr'><strong>c.</strong></span> <span class='ocrx_word' id='word_1_213' title='bbox 1060 4049 1087 4101; x_wconf 87' lang='lat' dir='ltr'><strong>p.</strong></span> <span class='ocrx_word' id='word_1_214' title='bbox 1105 4033 1168 4087; x_wconf 74' lang='lat'><strong>687.</strong></span> 
     </span>
    </p>
   </div>
   <div class='ocr_carea' id='block_1_5' title="bbox 189 4119 1426 4279">
    <p class='ocr_par' dir='ltr' id='par_1_5' title="bbox 189 4119 1426 4279">
     <span class='ocr_line' id='line_1_22' title="bbox 289 4119 1426 4191; baseline 0.003 -21"><span class='ocrx_word' id='word_1_215' title='bbox 289 4119 331 4186; x_wconf 83' lang='grc'><strong>(2)</strong></span> <span class='ocrx_word' id='word_1_216' title='bbox 350 4121 387 4170; x_wconf 79' lang='lat' dir='ltr'><strong>Dr</strong></span> <span class='ocrx_word' id='word_1_217' title='bbox 404 4137 494 4171; x_wconf 73' lang='lat' dir='ltr'><strong>annau</strong></span> <span class='ocrx_word' id='word_1_218' title='bbox 511 4121 543 4170; x_wconf 81' lang='lat' dir='ltr'><strong>ad</strong></span> <span class='ocrx_word' id='word_1_219' title='bbox 560 4137 620 4172; x_wconf 77' lang='lat' dir='ltr'><strong>nnn.</strong></span> <span class='ocrx_word' id='word_1_220' title='bbox 639 4123 748 4173; x_wconf 77' lang='lat' dir='ltr'><strong>nccx1.</strong></span> <span class='ocrx_word' id='word_1_221' title='bbox 768 4124 788 4175; x_wconf 87' lang='lat' dir='ltr'><strong>l.</strong></span> <span class='ocrx_word' id='word_1_222' title='bbox 807 4139 830 4175; x_wconf 88' lang='lat' dir='ltr'><strong>c.</strong></span> <span class='ocrx_word' id='word_1_223' title='bbox 849 4142 877 4191; x_wconf 87' lang='lat' dir='ltr'><strong>p.</strong></span> <span class='ocrx_word' id='word_1_224' title='bbox 895 4125 940 4178; x_wconf 81' lang='lat' dir='ltr'><strong>m.</strong></span> <span class='ocrx_word' id='word_1_225' title='bbox 979 4125 1077 4178; x_wconf 64' lang='grc' dir='ltr'><strong>(ἕλκη.</strong></span> <span class='ocrx_word' id='word_1_226' title='bbox 1101 4124 1201 4176; x_wconf 76' lang='lat' dir='ltr'><strong>Taren.</strong></span> <span class='ocrx_word' id='word_1_227' title='bbox 1220 4124 1240 4177; x_wconf 85' lang='lat' dir='ltr'><strong>l.</strong></span> <span class='ocrx_word' id='word_1_228' title='bbox 1260 4140 1283 4178; x_wconf 88' lang='lat' dir='ltr'><strong>c.</strong></span> <span class='ocrx_word' id='word_1_229' title='bbox 1302 4139 1328 4191; x_wconf 83' lang='lat' dir='ltr'><strong>p.</strong></span> <span class='ocrx_word' id='word_1_230' title='bbox 1350 4122 1426 4175; x_wconf 78' lang='lat' dir='ltr'><strong>tols.</strong></span> 
     </span>
     <span class='ocr_line' id='line_1_23' title="bbox 189 4208 874 4279; baseline 0.013 -23"><span class='ocrx_word' id='word_1_231' title='bbox 189 4236 199 4256; x_wconf 84' lang='grc'><strong>.</strong></span> <span class='ocrx_word' id='word_1_232' title='bbox 288 4208 331 4276; x_wconf 84' lang='grc'><strong>(3)</strong></span> <span class='ocrx_word' id='word_1_233' title='bbox 348 4210 384 4259; x_wconf 79' lang='lat' dir='ltr'><strong>Dr</strong></span> <span class='ocrx_word' id='word_1_234' title='bbox 401 4224 510 4270; x_wconf 77' lang='lat' dir='ltr'><strong>anneta,</strong></span> <span class='ocrx_word' id='word_1_235' title='bbox 529 4209 561 4259; x_wconf 81' lang='lat' dir='ltr'><strong>ad</strong></span> <span class='ocrx_word' id='word_1_236' title='bbox 578 4226 638 4262; x_wconf 75' lang='lat' dir='ltr'><strong>ann.</strong></span> <span class='ocrx_word' id='word_1_237' title='bbox 657 4213 766 4264; x_wconf 73' lang='lat' dir='ltr'><strong>ICCIX.</strong></span> <span class='ocrx_word' id='word_1_238' title='bbox 785 4230 812 4279; x_wconf 87' lang='lat' dir='ltr'><strong>p.</strong></span> <span class='ocrx_word' id='word_1_239' title='bbox 830 4215 874 4266; x_wconf 83' lang='grc'><strong>23.</strong></span> 
     </span>
    </p>
   </div>
   <div class='ocr_carea' id='block_1_6' title="bbox 270 4297 1872 4551">
    <p class='ocr_par' dir='ltr' id='par_1_6' title="bbox 270 4297 1872 4551">
     <span class='ocr_line' id='line_1_24' title="bbox 289 4297 1168 4371; baseline 0.008 -23"><span class='ocrx_word' id='word_1_240' title='bbox 289 4299 331 4367; x_wconf 77' lang='lat' dir='ltr'><strong>(l)</strong></span> <span class='ocrx_word' id='word_1_241' title='bbox 351 4299 450 4357; x_wconf 72' lang='lat' dir='ltr'><strong>aaron.</strong></span> <span class='ocrx_word' id='word_1_242' title='bbox 472 4297 502 4350; x_wconf 86' lang='lat' dir='ltr'><strong>S.</strong></span> <span class='ocrx_word' id='word_1_243' title='bbox 521 4299 632 4351; x_wconf 69' lang='lat' dir='ltr'><strong>:annuns</strong></span> <span class='ocrx_word' id='word_1_244' title='bbox 650 4302 683 4351; x_wconf 83' lang='lat' dir='ltr'><strong>ml</strong></span> <span class='ocrx_word' id='word_1_245' title='bbox 699 4319 759 4354; x_wconf 79' lang='lat' dir='ltr'><strong>nnn.</strong></span> <span class='ocrx_word' id='word_1_246' title='bbox 779 4305 962 4358; x_wconf 80' lang='lat' dir='ltr'><strong>nccxmtt.</strong></span> <span class='ocrx_word' id='word_1_247' title='bbox 981 4304 1000 4356; x_wconf 84' lang='lat'><strong>1.</strong></span> <span class='ocrx_word' id='word_1_248' title='bbox 1020 4321 1043 4356; x_wconf 84' lang='lat' dir='ltr'><strong>e.</strong></span> <span class='ocrx_word' id='word_1_249' title='bbox 1062 4319 1089 4371; x_wconf 83' lang='lat' dir='ltr'><strong>p.</strong></span> <span class='ocrx_word' id='word_1_250' title='bbox 1107 4301 1168 4356; x_wconf 68' lang='grc'><strong>490.</strong></span> 
     </span>
     <span class='ocr_line' id='line_1_25' title="bbox 289 4391 1102 4461; baseline 0.011 -22"><span class='ocrx_word' id='word_1_251' title='bbox 289 4391 331 4458; x_wconf 89' lang='grc'><strong>(5)</strong></span> <span class='ocrx_word' id='word_1_252' title='bbox 348 4391 429 4441; x_wconf 81' lang='lat' dir='ltr'><strong>Onon.</strong></span> <span class='ocrx_word' id='word_1_253' title='bbox 448 4404 572 4441; x_wconf 73' lang='lat' dir='ltr'><strong>antrum.</strong></span> <span class='ocrx_word' id='word_1_254' title='bbox 591 4391 623 4440; x_wconf 80' lang='lat' dir='ltr'><strong>ml</strong></span> <span class='ocrx_word' id='word_1_255' title='bbox 640 4407 699 4442; x_wconf 81' lang='lat' dir='ltr'><strong>ann.</strong></span> <span class='ocrx_word' id='word_1_256' title='bbox 719 4395 894 4447; x_wconf 71' lang='lat' dir='ltr'><strong>lcfflffl.</strong></span> <span class='ocrx_word' id='word_1_257' title='bbox 913 4396 932 4445; x_wconf 91' lang='lat' dir='ltr'><strong>l.</strong></span> <span class='ocrx_word' id='word_1_258' title='bbox 953 4411 976 4447; x_wconf 88' lang='lat' dir='ltr'><strong>e.</strong></span> <span class='ocrx_word' id='word_1_259' title='bbox 994 4412 1020 4461; x_wconf 88' lang='lat' dir='ltr'><strong>p.</strong></span> <span class='ocrx_word' id='word_1_260' title='bbox 1040 4395 1102 4448; x_wconf 82' lang='grc'><strong>523.</strong></span> 
     </span>
     <span class='ocr_line' id='line_1_26' title="bbox 270 4475 1872 4551; baseline 0.002 -21"><span class='ocrx_word' id='word_1_261' title='bbox 270 4475 330 4546; x_wconf 82' lang='grc'><strong>(6)</strong></span> <span class='ocrx_word' id='word_1_262' title='bbox 348 4481 476 4533; x_wconf 72' lang='lat' dir='ltr'><strong>lanimem</strong></span> <span class='ocrx_word' id='word_1_263' title='bbox 497 4482 595 4544; x_wconf 75' lang='lat' dir='ltr'><strong>purtem</strong></span> <span class='ocrx_word' id='word_1_264' title='bbox 616 4480 722 4531; x_wconf 70' lang='lat' dir='ltr'><strong>Galliae</strong></span> <span class='ocrx_word' id='word_1_265' title='bbox 745 4483 928 4536; x_wconf 74' lang='lat' dir='ltr'><strong>Narbonensis</strong></span> <span class='ocrx_word' id='word_1_266' title='bbox 950 4487 1037 4536; x_wconf 81' lang='lat' dir='ltr'><strong>recolo</strong></span> <span class='ocrx_word' id='word_1_267' title='bbox 1058 4485 1122 4536; x_wconf 77' lang='lat'>1111</span> <span class='ocrx_word' id='word_1_268' title='bbox 1141 4483 1304 4551; x_wconf 69' lang='lat' dir='ltr'><strong>diotpertum</strong></span> <span class='ocrx_word' id='word_1_269' title='bbox 1321 4481 1398 4548; x_wconf 67' lang='lat' dir='ltr'><strong>vulgo</strong></span> <span class='ocrx_word' id='word_1_270' title='bbox 1417 4481 1533 4531; x_wconf 76' lang='lat' dir='ltr'><strong>tamtam</strong></span> <span class='ocrx_word' id='word_1_271' title='bbox 1551 4493 1622 4539; x_wconf 79' lang='lat' dir='ltr'><strong>esse,</strong></span> <span class='ocrx_word' id='word_1_272' title='bbox 1648 4485 1802 4531; x_wconf 76' lang='lat' dir='ltr'><strong>munerant</strong></span> <span class='ocrx_word' id='word_1_273' title='bbox 1818 4483 1872 4546; x_wconf 79' lang='lat' dir='ltr'><strong>jm</strong></span> 
     </span>
    </p>
   </div>
   <div class='ocr_carea' id='block_1_7' title="bbox 350 4566 1869 4735">
    <p class='ocr_par' dir='ltr' id='par_1_7' title="bbox 350 4566 1869 4735">
     <span class='ocr_line' id='line_1_27' title="bbox 352 4566 1869 4642; baseline 0.005 -24"><span class='ocrx_word' id='word_1_274' title='bbox 352 4568 526 4619; x_wconf 70' lang='lat' dir='ltr'><strong>Benedicitur·</strong></span> <span class='ocrx_word' id='word_1_275' title='bbox 536 4569 555 4620; x_wconf 86' lang='lat' dir='ltr'><strong>l.</strong></span> <span class='ocrx_word' id='word_1_276' title='bbox 568 4585 588 4619; x_wconf 85' lang='lat' dir='ltr'><strong>c.</strong></span> <span class='ocrx_word' id='word_1_277' title='bbox 600 4585 627 4636; x_wconf 89' lang='lat' dir='ltr'><strong>p.</strong></span> <span class='ocrx_word' id='word_1_278' title='bbox 639 4570 700 4621; x_wconf 86' lang='grc'><strong>552.</strong></span> <span class='ocrx_word' id='word_1_279' title='bbox 728 4573 768 4624; x_wconf 75' lang='lat' dir='ltr'><strong>cl.</strong></span> <span class='ocrx_word' id='word_1_280' title='bbox 783 4583 1003 4640; x_wconf 71' lang='lat' dir='ltr'><strong>praeternam.</strong></span> <span class='ocrx_word' id='word_1_281' title='bbox 1024 4587 1167 4629; x_wconf 77' lang='lat' dir='ltr'><strong>senonen.</strong></span> <span class='ocrx_word' id='word_1_282' title='bbox 1187 4576 1340 4642; x_wconf 78' lang='lat' dir='ltr'><strong>aliosques.</strong></span> <span class='ocrx_word' id='word_1_283' title='bbox 1360 4568 1604 4625; x_wconf 76' lang='lat' dir='ltr'><strong>11.hrrmrrrin</strong></span> <span class='ocrx_word' id='word_1_284' title='bbox 1625 4566 1723 4623; x_wconf 74' lang='lat' dir='ltr'><strong>Glron.</strong></span> <span class='ocrx_word' id='word_1_285' title='bbox 1743 4569 1869 4639; x_wconf 66' lang='lat' dir='ltr'><strong>dimona.</strong></span> 
     </span>
     <span class='ocr_line' id='line_1_28' title="bbox 350 4659 1044 4735; baseline 0.013 -25"><span class='ocrx_word' id='word_1_286' title='bbox 350 4673 430 4726; x_wconf 75' lang='lat' dir='ltr'><strong>quem</strong></span> <span class='ocrx_word' id='word_1_287' title='bbox 446 4659 568 4710; x_wconf 76' lang='lat' dir='ltr'><strong>excitarit</strong></span> <span class='ocrx_word' id='word_1_288' title='bbox 583 4660 704 4711; x_wconf 77' lang='lat' dir='ltr'><strong>n’scmr</strong></span> <span class='ocrx_word' id='word_1_289' title='bbox 722 4661 741 4714; x_wconf 92' lang='lat' dir='ltr'><strong>l.</strong></span> <span class='ocrx_word' id='word_1_290' title='bbox 761 4677 784 4716; x_wconf 81' lang='lat' dir='ltr'><strong>e.</strong></span> <span class='ocrx_word' id='word_1_291' title='bbox 804 4665 874 4720; x_wconf 73' lang='lat' dir='ltr'><strong>lom.</strong></span> <span class='ocrx_word' id='word_1_292' title='bbox 893 4667 916 4720; x_wconf 92' lang='lat' dir='ltr'><strong>l.</strong></span> <span class='ocrx_word' id='word_1_293' title='bbox 935 4683 962 4735; x_wconf 85' lang='lat' dir='ltr'><strong>p.</strong></span> <span class='ocrx_word' id='word_1_294' title='bbox 982 4666 1044 4719; x_wconf 83' lang='grc'><strong>208.</strong></span> 
     </span>
    </p>
   </div>
   <div class='ocr_carea' id='block_1_8' title="bbox 0 0 2342 6224">
    <p class='ocr_par' dir='ltr' id='par_1_8' title="bbox 0 0 2342 6224">
     <span class='ocr_line' id='line_1_29' title="bbox 0 0 2342 6224; baseline 0 0"><span class='ocrx_word' id='word_1_295' title='bbox 0 0 2342 6224; x_wconf 95' lang='lat' dir='ltr'><strong> </strong></span> 
     </span>
    </p>
   </div>
  </div>
 </body>
</html>
