4642 6224
1036 518 1094 606 811

262 825 374 898 omnia
400 822 612 929 oppugnatio
643 816 812 895 Faealesim
832 813 896 888 bae
920 812 958 887 in
980 813 1122 914 regione
1144 811 1382 906 coercebatur,
1409 792 1585 911 paulatim
1604 825 1717 888 tamen
1742 813 1867 891 exstir-

263 992 427 1084 parentur
449 978 625 1069 homines,
655 973 879 1051 catharorum
907 969 1041 1070 placitis
1069 966 1185 1044 dediti.
1215 957 1335 1043 Nune
1360 967 1468 1068 igitur
1491 965 1716 1069 Albegeusium
1742 993 1867 1044 nomen

186 1125 193 1140 ’
265 1137 302 1207 in
330 1134 401 1211 ritu
429 1128 603 1206 communi
632 1128 797 1228 usurpari·
818 1125 938 1217 desiit,
969 1136 1005 1197 et
1030 1148 1124 1198 mere
1150 1121 1351 1196 historicum
1381 1148 1452 1196 esse
1485 1123 1620 1224 inoepit.
1670 1121 1774 1217 Quod
1805 1124 1865 1222 qui

265 1300 342 1362 ante
366 1287 516 1361 seculum
540 1284 644 1361 xlv,
667 1281 818 1357 medium
837 1280 986 1370 evenisse
1009 1280 1180 1371 statuerit,
1208 1278 1298 1355 hune
1319 1279 1474 1379 profecto
1497 1278 1590 1354 haud
1612 1278 1714 1380 longe
1737 1307 1757 1354 a
1782 1304 1865 1357 vero

264 1443 497 1516 aberraturum
521 1463 593 1512 esse
616 1435 752 1541 conlido
775 1433 848 1537 (l).

312 1599 336 1673 J
338 1624 395 1671 am
423 1550 815 1696 Athagaust‘etmnomine
845 1614 888 1664 ex
923 1589 995 1667 vita
1020 1587 1196 1662 communi
1230 1587 1274 1661 ad
1307 1588 1498 1663 Historiam
1530 1588 1716 1682 translato,
1749 1615 1868 1668 veram

264 1755 337 1852 ejus
369 1752 544 1826 notionem
577 1746 732 1858 hominos
765 1769 849 1819 mox
883 1755 1130 1844 perverterunt.
1179 1744 1271 1819 Cum
1299 1745 1392 1817 eninr
1420 1742 1506 1817 illud
1532 1743 1734 1818 Haeretieis
1748 1745 1867 1818 danrm

265 1933 336 1982 esse
363 1901 547 1998 riderent,'
574 1902 635 2003 qni
664 1900 888 1979 catharorum
914 1900 1038 2001 placito
1067 1913 1308 2002 sequerentnr3
1336 1925 1536 1999 persuasum
1564 1902 1630 1975 srbi
1658 1898 1866 1991 babuerunt,

267 2064 303 2136 in
334 2059 493 2135 omnibus
524 2056 695 2130 librorum
726 2056 947 2156 antiquorum
981 2047 1086 2147 locis,
1119 2054 1179 2127 ubi
1211 2052 1439 2155 Albigerurbm
1474 2056 1610 2155 negotia
1641 2055 1872 2142 referrentur,

266 2214 433 2291 cauturos
458 2212 598 2287 omnino
622 2211 747 2287 induci.
797 2211 894 2304 Quae
918 2211 1036 2311 opinio
1063 2223 1117 2283 tot
1142 2210 1274 2288 invenit
1298 2208 1466 2301 fautores,
1500 2220 1539 2283 ut
1561 2207 1606 2282 ad
1632 2222 1784 2284 nostram
1806 2234 1868 2284 ns·

266 2395 332 2469 qne
358 2367 581 2456 memoriam,
606 2364 795 2438 doctissimi
820 2365 889 2442 riri
915 2364 1143 2466 Atta'genataem
1164 2377 1199 2440 et
1224 2364 1466 2457 Cothororum,
1489 2391 1548 2438 seu
1574 2365 1866 2459 Mauortem,

255 2524 322 2603 'ovet
349 2537 383 2598 et
417 2518 693 2595 Paulicrbnorum
725 2543 848 2610 voees,
877 2526 1040 2620 tanquam
1073 2517 1224 2617 ejusdem
1247 2519 1347 2619 plane
1376 2519 1653 2618 significationis,
1692 2535 1870 2619 permota-

267 2690 344 2754 reut
361 2635 437 2778 ν(2).
488 2673 656 2769 Quamvis
682 2685 797 2748 autem
823 2672 980 2746 nonnulli
1001 2698 1122 2747 eorum
1149 2673 1291 2747 meliora
1314 2674 1351 2747 in
1374 2685 1486 2747 mente
1508 2672 1664 2747 habuisse
1687 2676 1868 2767 ridentur,
1938 2680 1942 2695 ⁴

269 2858 372 2934 quam
395 2831 509 2910 verbis
531 2828 767 2929 explicabant,
791 2854 1010 2904 communem
1035 2841 1148 2903 tamen
1169 2840 1405 2931 propagarunt
1423 2853 1597 2921 errorem,
1621 2853 1711 2930 quo,
1734 2831 1771 2902 in
1799 2831 1869 2905 At-

270 2984 451 3090 bigeoubus
478 2984 581 3058 fuisse
607 2996 796 3058 oenseretor
823 2996 934 3076 secta,
968 2982 1064 3058 omui
1087 2983 1164 3058 loco
1189 2996 1226 3058 et
1252 2997 1406 3085 tempore
1435 3011 1455 3058 a
1482 2982 1697 3057 Valdenetu
1724 2984 1869 3061 diversa.

272 3143 376 3243 Atqui
399 3140 627 3216 oertissimum
647 3151 721 3232 est,
747 3137 815 3213 boe
838 3136 1066 3241 diligentium
1081 3140 1251 3231 nomine,
1275 3141 1319 3214 ab
1346 3141 1445 3223 initio
1472 3139 1694 3240 expeditionis
1718 3139 1873 3213 militaris

272 3313 306 3374 et
327 3297 500 3398 deinoeps,
518 3294 610 3369 haud
632 3319 711 3367 raro
734 3293 995 3393 comprehensos
1015 3319 1087 3368 esso
1109 3293 1306 3389 Vettones,
1328 3296 1387 3397 qui
1404 3297 1440 3370 in
1454 3293 1630 3396 Albugesio
1647 3309 1872 3373 versarentur.

272 3450 435 3528 Redimus
457 3448 500 3523 ad
519 3473 641 3525 rursu
659 3447 824 3524 Meucti
838 3462 874 3523 et
895 3472 1116 3527 omnrnnur
1140 3449 1181 3525 de
1202 3449 1318 3526 Pedio
1340 3443 1517 3526 laurentii
1535 3451 1665 3544 libros,
1691 3464 1766 3526 tum
1789 3478 1871 3531 vero

273 3606 314 3680 ad
339 3603 456 3680 libnuu
476 3603 704 3678 retenturum
718 3630 737 3678 a
751 3629 1006 3683 prunoncraro
1020 3606 1159 3684 editum.
1188 3609 1366 3684 Jamrero
1379 3607 1481 3682 bisin
1496 3608 1632 3708 scriptis
1644 3584 1871 3708 Albigenstbm

271 3788 399 3838 nomen
422 3785 490 3836 una
508 3787 588 3836 cum
610 3759 651 3835 V
642 3759 821 3836 atdmsum
838 3775 873 3835 et
891 3762 1038 3837 aliorum
1057 3761 1313 3838 Hoeretieorum
1330 3762 1524 3837 nominibus
1543 3787 1612 3836 uon
1631 3785 1786 3861 expressa
1799 3777 1870 3855 est,

274 3921 436 4020 quoniam
462 3917 587 3993 inillis
613 3930 703 3992 secte
725 3941 795 3990 non
817 3917 1036 4012 emebatur,
1060 3944 1147 4018 quae
1170 3918 1214 3991 ab
1238 3917 1291 3993 bis
1310 3915 1546 4019 distinguenda
1567 3930 1648 3993 erat
1696 3917 1764 3993 Sed
1789 3945 1869 3994 curn

273 4074 322 4148 ibi
344 4085 523 4148 narrentur
544 4073 679 4174 negotia
698 4072 944 4176 Albigeuoium,
965 4072 1001 4149 id
1020 4083 1072 4150 est
1090 4075 1347 4152 Haereticam
1371 4073 1553 4175 Albigen'i5
1579 4072 1755 4148 Voldenses
1777 4089 1869 4150 oete-

299 4451 341 4518 (l)
358 4450 398 4500 cs.
417 4463 561 4499 remorsu.
580 4449 649 4500 l'orn.
669 4449 780 4505 mlv.
798 4470 826 4520 p.
845 4453 897 4507 4⁸7
913 4473 970 4522 sqq.

299 4542 344 4609 (2)
361 4541 409 4592 llio
437 4541 500 4606 lapsi
524 4545 585 4591 sunt
610 4557 778 4595 nrnorcrros.
808 4560 836 4610 p.
863 4547 908 4597 81.
937 4549 1031 4613 otiique
1058 4549 1107 4600 riri
1133 4547 1221 4611 donti,
1249 4564 1314 4615 quor
1341 4547 1354 4616 ς
1382 4547 1409 4598 ³.
1440 4546 1593 4612 Alliqonm
1617 4560 1664 4614 pro
1689 4551 1761 4599 motu
1788 4548 1884 4601 bebere

363 4632 488 4693 vidimus,
522 4630 694 4681 Voidsnattur
721 4636 824 4685 omnino
850 4640 976 4704 opposita.
1021 4638 1085 4690 Vide
1111 4643 1138 4691 et
1162 4655 1267 4693 noem.
1294 4640 1314 4693 1.
1342 4654 1366 4693 e.
1390 4655 1417 4705 p.
1443 4639 1496 4691 XV.
1533 4638 1664 4690 Bonum.
1686 4637 1705 4691 1.
1727 4655 1750 4690 e.
1771 4656 1797 4706 p.
1818 4641 1881 4692 191.

357 4723 468 4775 Suanos.
487 4721 505 4773 l.
524 4737 548 4775 e.
566 4737 596 4789 p.
615 4720 685 4786 170,
703 4722 761 4776 171.
798 4727 898 4782 θωιι.
918 4729 938 4781 1.
959 4745 981 4782 o.
999 4745 1027 4797 p.
1048 4728 1114 4794 tlt,
1127 4729 1201 4794 50³,
1220 4730 1285 4784 50⁴.
