4642 6224
1128 446 1184 530 42

254 712 256 718 Ι
356 758 477 827 tantur.
525 753 610 824 Post
638 743 868 821 catharorum
892 751 1006 814 sutem
1038 737 1273 812 sefutotionem
1307 734 1362 809 his
1398 737 1511 816 verbis
1543 724 1667 817 utitur:
1698 769 1802 846 suipra
1837 747 1958 825 dietum

359 916 405 982 est
438 905 628 1006 sufficienter
654 900 694 974 de
720 897 866 972 Haeresi
892 894 1135 988 catharorum,
1168 918 1254 966 ruine
1281 890 1452 966 dicendum
1476 903 1521 968 est
1546 895 1587 969 de
1614 895 1762 973 Haeresi
1781 901 1958 978 &uuna-

246 1102 250 1108 ·
357 1087 433 1134 rum
455 1083 511 1131 seu
534 1054 732 1158 Pauperum
755 1053 795 1126 de
817 1051 988 1154 Lugduno
1005 1049 1078 1151 (1).

408 1217 502 1289 Hnec
531 1212 573 1286 de
598 1208 814 1283 distinctione
842 1208 996 1308 ipsorum
1025 1205 1251 1280 Cotdororum
1273 1218 1308 1279 et
1332 1204 1552 1282 Voldensium.
1603 1209 1841 1313 Utrorumque
1867 1218 1960 1318 quod

358 1372 476 1446 attinet
514 1367 653 1468 placite,
690 1364 782 1438 idem
813 1364 912 1462 plene
946 1363 1083 1437 Veteues
1109 1361 1197 1436 inter
1223 1386 1264 1435 ea
1292 1362 1449 1435 interesse
1480 1359 1710 1453 tradiderunt,
1743 1379 1844 1468 etque
1869 1370 1960 1445 inter

357 1528 482 1629 placito
513 1478 737 1621 Atbs'qenstiim
757 1531 792 1592 ct
822 1517 1048 1593 meidium·
1100 1520 1320 1619 Quamquam
1350 1518 1441 1591 enim
1470 1515 1667 1593 Haeretieos
1700 1521 1777 1595 illos
1804 1524 1841 1595 iu
1874 1525 1958 1600 duas

358 1682 506 1757 maxime
536 1689 652 1778 pestes
676 1673 884 1764 diviserunt,
910 1685 949 1745 ut
970 1673 1074 1774 longe
1098 1671 1255 1771 plurimis
1284 1671 1588 1766 Monichoerimns,
1614 1701 1673 1750 seu
1696 1678 1870 1778 antiquus,
1896 1706 1956 1755 seu

356 1833 552 1913 moentioris
583 1831 733 1923 formae,
766 1827 939 1902 nonnullis
972 1827 1209 1902 Gnostiersmus
1221 1881 1233 1920 ,
1269 1854 1326 1903 seu
1354 1831 1481 1929 species
1503 1832 1576 1928 ejus
1601 1833 1827 1930 tribuemtur3
1856 1833 1898 1909 de
1917 1862 1960 1910 eo

358 2007 471 2066 tamen
501 1989 589 2060 inter
608 2010 643 2058 se
666 1984 871 2058 consensisse
895 1981 1065 2073 feruntur,
1088 1994 1128 2056 ut
1150 1981 1194 2055 ob
1216 1982 1386 2058 Ecclesiae
1410 1983 1582 2077 doctrine,
1606 2012 1713 2061 unum
1736 2014 1807 2063 esse
1825 1994 1957 2084 Deum

359 2157 537 2221 unctorum
559 2141 731 2215 coelorum
747 2150 781 2212 et
797 2150 922 2229 terroe,
942 2161 1060 2211 omnes
1078 2136 1220 2210 omnino
1238 2135 1463 2230 discedeoent,
1486 2138 1662 2213 Voldenses
1679 2166 1763 2216 vero
1779 2167 1848 2215 non
1861 2146 1955 2222 item.
2096 2229 2098 2233 ⁸

405 2303 565 2380 Annuus
595 2296 700 2396 igitur
723 2293 919 2367 Haeretieos
942 2293 996 2365 sui
1015 2292 1197 2391 temporis,
1221 2290 1258 2365 id
1281 2304 1335 2365 est
1354 2292 1544 2387 Cothoros,
1569 2293 1699 2368 inducit
1722 2296 1854 2375 diversa
1878 2300 1958 2398 pla.

357 2457 423 2529 citn
456 2463 651 2554 sequentes,
685 2448 744 2523 sod
777 2440 833 2521 itu
859 2460 992 2539 tumen,
1021 2460 1060 2519 ut
1087 2446 1349 2523 Monichoeismo
1376 2450 1433 2526 vel
1460 2449 1678 2524 Gnosticr'smo
1708 2450 1866 2530 serviant.
1913 2458 1960 2530 Et

356 2610 473 2713 primo
501 2605 638 2708 quidem
665 2605 742 2678 loco
768 2602 810 2677 de
836 2603 937 2676 rebus
959 2601 1229 2716 intelligibilibus
1248 2602 1440 2703 disputans,
1478 2605 1514 2677 in
1538 2603 1692 2678 matun
1716 2618 1881 2706 patronos
1903 2608 1961 2679 in-

356 2765 516 2855 vehitur,
544 2764 596 2837 uti
618 2761 707 2835 etin
734 2759 900 2862 quosdam
922 2766 1114 2865 asserentes,
1138 2758 1224 2832 solos
1250 2758 1382 2858 muetos
1405 2759 1606 2862 eposium,
1629 2759 1691 2860 qui
1709 2759 1750 2831 de
1773 2759 1861 2834 coelo
1874 2762 1961 2833 ceci-

356 2893 495 3011 derunt,
531 2914 723 3018 eorponlus
757 2913 906 2987 mamonis
937 2914 1087 3013 infimdi,
1126 2912 1304 3015 Deumque
1335 2938 1389 2987 eos
1419 2913 1536 3016 punire
1563 2911 1699 2986 volm'sse
1735 2912 1962 3017 incorporali

357 3070 534 3146 substantem
562 3077 593 3141 et
619 3067 665 3140 tri
684 3068 893 3169 poenitentioe
919 3092 1028 3169 ogere.
1077 3067 1278 3142 Refutantur
1299 3093 1407 3167 porro
1433 3067 1491 3166 qui
1515 3066 1646 3158 dicum,
1676 3089 1880 3142 omusuuns
1909 3068 1957 3140 od

357 3224 480 3324 inferos
509 3249 576 3297 non
599 3221 814 3314 descendisse,
853 3247 911 3296 nee
936 3223 1061 3296 unimus
1089 3221 1131 3295 ol>
1165 3220 1292 3320 irdemo
1323 3221 1495 3296 ldmosse:
1532 3221 1613 3324 quio
1647 3232 1795 3296 usserunt
1830 3221 1956 3297 ammos

361 3379 502 3455 ommium
535 3376 685 3467 illorum,
719 3376 780 3477 qui
804 3384 878 3449 onte
910 3376 1082 3451 munuum
1113 3402 1276 3453 onnssn1
1308 3376 1527 3470 decesserunt,
1557 3377 1760 3451 oetenmliter
1787 3378 1957 3452 domnotos

359 3559 444 3608 esse:
477 3545 552 3606 tum
580 3554 716 3631 quoque
743 3528 917 3604 Haeretici
942 3530 1185 3623 contendentes,
1205 3558 1325 3634 eorpus
1343 3533 1520 3607 humorum
1544 3559 1568 3605 o
1593 3529 1722 3606 druboto
1750 3557 1833 3624 esse,
1856 3556 1956 3632 neque

357 3689 461 3793 s'gdur
494 3693 750 3761 resurrectionum
781 3712 867 3779 esse,
894 3695 954 3762 out
975 3687 1196 3790 glorificatum
1226 3690 1282 3769 ἐπ’.
1341 3691 1462 3766 Noturi
1497 3700 1610 3790 autem
1636 3699 1808 3777 mesetur,
1835 3684 1956 3784 hujus-

358 3843 456 3920 modi
483 3843 638 3918 homines
662 3843 705 3916 ob
732 3866 774 3916 eo
801 3841 1006 3921 Cluistioms
1032 3849 1170 3939 vocari,
1192 3874 1273 3923 cum
1301 3848 1348 3921 itu
1375 3846 1521 3920 scribet:
1558 3842 1616 3916 Hi
1641 3850 1749 3916 miton
1769 3840 1878 3914 volunt
1900 3839 1956 3912 di-

359 4026 430 4075 eere
442 4054 454 4093 ‚
494 3999 568 4073 ideo
600 3997 864 4071 resurrectionem
895 4025 962 4073 uon
977 4000 1154 4099 suturam,
1191 4003 1272 4107 quio
1307 4003 1419 4077 mmm
1447 4000 1537 4105 perit
1570 4023 1644 4070 mm
1682 4021 1841 4098 corpore,
1876 3993 1957 4067 sind

357 4154 462 4230 nostri
488 4153 641 4260 temporis
662 4153 755 4227 multi
770 4152 858 4252 salsi
878 4154 1061 4230 Christum
1067 4211 1079 4250 ‚
1104 4159 1170 4233 imo
1194 4157 1371 4233 Haeretici
1390 4155 1512 4230 dicunt.
1562 4149 1665 4245 Quod
1688 4150 1792 4249 poulo
1814 4148 1955 4224 inferius

354 4311 454 4411 gravi
479 4310 630 4390 oratioue
649 4310 787 4410 repetit,
805 4309 854 4384 od
869 4311 1079 4388 arddorn'totes
1088 4366 1099 4405 ,
1121 4314 1231 4414 ajens,
1251 4311 1427 4401 Gerrtdium
1445 4305 1725 4412 Phdosopluomm
1741 4304 1859 4406 stylum
1877 4328 1953 4377 uer-

381 4666 421 4736 (l)
438 4666 512 4732 Apud
529 4681 643 4717 usuum
660 4671 687 4718 et
705 4683 812 4722 neuun.
833 4668 852 4720 t.
873 4684 896 4720 o.
914 4683 942 4734 p.
963 4664 1047 4727 1761,
1072 4664 1148 4719 177⁶.
