4568 6218
827 1289 927 1424 L.
1018 1290 1120 1424 B.

214 1729 525 1845 Disputationem
535 1755 777 1820 Academicum
795 1756 833 1817 in
851 1753 961 1818 lucem
979 1756 1151 1829 editurus,
1173 1753 1318 1816 multum
1336 1773 1406 1817 non
1425 1753 1607 1828 habebam,
1627 1757 1725 1841 quod
1741 1758 1776 1818 ci

164 1901 371 1989 praefarer.
421 1901 560 1968 Causas
581 1904 690 1974 enim,
712 1919 777 1962 cur
796 1897 839 1962 de
856 1904 1066 1983 argumento
1076 1901 1263 1984 proposito
1285 1899 1436 1963 scribere
1457 1901 1681 1973 decreverim,
1708 1899 1771 1961 loc

169 2049 246 2112 loco
269 2065 533 2111 commemorare
553 2041 646 2106 nila'l
663 2042 803 2107 attinet.
854 2041 1014 2107 Ceterum
1042 2039 1289 2127 mili-gratum
1304 2040 1410 2127 sore,
1436 2045 1472 2104 si
1488 2038 1561 2105 viri
1579 2064 1695 2106 rerum
1718 2046 1773 2104 in-

174 2191 376 2278 telligentes
406 2211 457 2254 me
484 2187 597 2252 oleum
625 2196 658 2252 et
681 2206 822 2273 operam
841 2207 912 2248 non
934 2205 1090 2270 prorsus
1111 2186 1315 2271 perdidisse
1332 2187 1597 2273 judicaverint,
1624 2209 1676 2250 me
1697 2190 1775 2273 qui-

172 2336 248 2397 dem
279 2341 433 2406 tacente,
460 2332 602 2395 lectori
621 2327 794 2394 Benevola
826 2331 918 2393 satis
935 2349 1152 2415 persuasum
1184 2336 1261 2397 erit.
1307 2331 1432 2398 Fateri
1460 2357 1532 2398 nou
1568 2356 1710 2409 recuso,
1747 2340 1783 2396 si

166 2479 426 2563 praevidissem
450 2472 553 2559 fore,
579 2482 619 2536 ut
647 2477 808 2560 quaestio
850 2479 1008 2537 tractata
1038 2481 1177 2537 tantum
1206 2476 1277 2538 sibi
1296 2497 1423 2562 operae
1453 2487 1487 2541 et
1518 2498 1624 2541 curae
1657 2481 1774 2564 req-ui·

174 2628 286 2695 reret,
312 2626 484 2706 quantum
512 2616 602 2680 milii
629 2621 766 2681 ineam
799 2617 1067 2702 impendendum
1087 2617 1283 2695 vederetur,
1309 2641 1361 2684 me
1383 2619 1491 2684 alsam
1512 2642 1655 2707 eamque
1675 2620 1776 2704 saci·
1881 2634 1884 2639 ’

175 2767 312 2840 liorem,
334 2764 377 2828 de
403 2784 476 2850 qua
493 2763 730 2849 disputarem,
759 2760 844 2826 mihi
862 2768 1059 2826 sumturum
1078 2759 1214 2847 fuisse.
1261 2761 1334 2826 Sed
1358 2785 1451 2826 nunc
1473 2765 1660 2827 tenuitatis
1682 2784 1777 2827 nceae

177 2905 394 2974 conscientia
435 2929 487 2972 me
523 2910 662 2971 veniam
690 2914 814 2993 petere
840 2906 946 2993 jubet
978 2927 1154 2984 errorum,
1198 2929 1287 2994 quos
1324 2907 1531 2974 adolescens
1566 2912 1776 2973 commisero.

178 3053 348 3140 Equidem
374 3051 467 3117 hunc
488 3037 595 3115 unum
616 3058 708 3117 certe
730 3073 773 3116 ea
796 3050 915 3115 labore
933 3072 1006 3116 meo
1019 3054 1168 3137 percepi
1173 3048 1354 3136 fructum,
1380 3060 1421 3114 ut
1439 3050 1635 3116 Historiam
1655 3050 1778 3114 Haere-

177 3197 319 3260 ticorum
355 3197 461 3260 medii
491 3199 572 3261 aevi
595 3219 671 3261 cum
698 3196 952 3261 Providentiae
980 3196 1135 3262 Divinae
1163 3198 1333 3284 regimine
1369 3198 1419 3261 ad
1457 3218 1514 3263 res
1552 3196 1780 3263 Christianos

173 3342 351 3426 paulatim
367 3341 640 3426 amplificandas
659 3350 693 3405 et
708 3340 950 3405 illustrandas
968 3343 1167 3406 arctissime
1184 3339 1384 3417 cohaerere,
1402 3341 1446 3406 ab
1459 3363 1498 3406 eo
1513 3341 1596 3406 t'nde
1615 3349 1777 3427 tempore,

180 3505 249 3569 quo
282 3482 460 3550 valdenses
490 3506 566 3548 cum
594 3483 823 3570 Albigensibus
852 3506 1058 3573 comparare
1090 3488 1315 3571 incepissem,
1352 3487 1460 3551 mullo
1500 3488 1625 3551 melius
1666 3488 1784 3551 videre

180 3628 268 3690 nn‘hi
285 3632 516 3715 contingeret,
542 3651 647 3717 quam
669 3639 788 3695 antea.
836 3630 894 3695 Ad
910 3631 1008 3717 quod
1029 3632 1146 3718 igitur
1163 3639 1409 3717 argumentum
1428 3631 1650 3718 diligentius,
1677 3652 1782 3717 quam

178 3777 270 3859 vires
300 3776 413 3835 animi
441 3770 526 3835 mili
547 3776 815 3859 permitterent,
833 3774 1135 3860 persequendum,
1161 3777 1198 3836 si
1209 3773 1407 3860 populares
1429 3794 1521 3838 meos
1546 3774 1780 3854 eruditiores,

181 3921 245 4002 qui
270 3919 466 3981 studiorum
492 3938 603 3982 causa
625 3921 662 3981 in
683 3918 814 3983 scleolis
835 3927 1045 3996 versantur,
1070 3920 1321 4007 quodammodo
1345 3922 1566 3999 excitavero,
1589 3916 1682 3981 nihil
1701 3917 1787 3979 mili

183 4060 310 4123 habebo
334 4066 481 4124 suavius
504 4071 539 4126 et
554 4063 766 4148 jucundius.
1510 4033 1513 4037 ⁸

228 4203 371 4279 Restat,
406 4213 446 4266 ut
473 4204 683 4274 Academiae
709 4208 967 4285 valedicturus,
990 4207 1202 4295 fautoribus
1231 4215 1265 4272 et
1288 4211 1409 4272 amicis
1429 4207 1574 4295 gratias
1596 4226 1699 4290 aqam
1713 4226 1783 4291 pro

185 4347 361 4431 berseficiis
385 4350 424 4408 in
447 4370 498 4412 me
524 4350 677 4416 collatis.
729 4353 826 4417 Vobis
850 4356 985 4441 egitur,
1016 4354 1088 4418 Viri
1115 4353 1333 4428 Clarissimi,
1359 4353 1425 4437 qui
1441 4347 1529 4413 mihi
1546 4351 1585 4411 in
1614 4345 1785 4413 Athenaeo

184 4490 493 4556 Amstelacdamensi
532 4503 566 4557 et
599 4495 779 4561 Academia
809 4497 1116 4585 lugduno-Batava
1144 4499 1269 4583 optimi
1289 4499 1540 4582 praeceptores
1564 4489 1722 4577 fuistis!
1755 4500 1789 4557 et

186 4639 251 4701 tili
267 4642 429 4714 ninuime,
456 4637 508 4704 ct.
533 4640 726 4703 atroam!
749 4631 939 4707 Promotor'
954 4640 1273 4709 aestumatissimel
1295 4646 1467 4727 quantum
1489 4636 1648 4712 debeam,
1673 4638 1788 4702 dicere
