4568 6218
1072 473 1074 478 ’
1109 465 1166 581 63

336 793 476 870 quorum
503 763 638 867 quidum
664 761 747 836 ulios
774 759 951 865 reprobant
979 767 1010 834 et
1040 759 1275 847 condemnem
1311 756 1395 833 sicud
1427 759 1617 837 Waldeases
1644 760 1836 865 reprobant,
1870 759 1936 842 into

336 929 492 996 meant
521 920 716 1009 Rationes,
745 925 777 991 et
802 875 1019 1017 Begbordos,
1049 925 1079 990 et
1107 915 1784 1018 Lucisenbnos,eta1iosdiuersos(l).
1835 921 1937 1012 Quod

339 1076 570 1152 testimonium
596 1074 789 1148 aecentioris
817 1072 954 1173 quidem
983 1074 1098 1146 aetatis
1125 1085 1192 1163 est,
1226 1084 1261 1145 et
1287 1072 1362 1146 lites
1390 1072 1502 1172 tangit
1527 1098 1607 1145 cum
1637 1072 1711 1145 aliis
1738 1099 1843 1173 quam
1868 1076 1939 1150 AI-

339 1230 520 1333 bigensibus
546 1242 658 1325 actas3
693 1229 750 1302 sed
784 1227 848 1300 tria
876 1241 990 1301 tamen
1014 1227 1132 1302 docet:
1170 1228 1323 1328 primum
1361 1226 1537 1301 Volderases
1564 1228 1665 1301 fuisse
1698 1229 1786 1301 inter
1814 1255 1940 1328 paucos

339 1387 415 1460 illos
440 1385 659 1476 Haereticos,
691 1384 752 1485 qui
781 1396 888 1457 sectas
914 1340 1086 1458 extraneas
1112 1383 1322 1479 fastidirent3
1356 1382 1477 1457 deinde
1504 1408 1563 1458 eos
1589 1383 1792 1462 fastidivisse
1821 1385 1938 1459 homi-

343 1567 419 1633 nes,
446 1542 667 1642 opinionibus
687 1540 889 1634 servientes,
913 1543 1028 1641 quales
1054 1539 1283 1640 albigensem
1302 1540 1448 1613 tributae
1468 1539 1550 1633 sint;
1577 1539 1725 1640 denique'
1738 1567 1796 1614 eos
1818 1541 1942 1615 hocin

339 1697 474 1773 fastidio
506 1696 570 1771 sibi
598 1697 642 1769 ad
670 1696 822 1770 seculum
849 1698 920 1773 XV
943 1696 1012 1771 fere
1042 1695 1193 1769 medium
1224 1696 1422 1772 constitisse.
1472 1697 1591 1794 Neque
1610 1697 1715 1796 igitur
1742 1697 1939 1771 mirandum

339 1867 411 1945 est,
449 1876 678 1930 nunannusn
711 1851 752 1926 de
787 1852 897 1945 Osca,
930 1852 973 1926 ad
1005 1851 1193 1927 Ecclesiam
1227 1866 1423 1942 aeversum,
1459 1849 1655 1924 Haeretieos
1689 1852 1827 1951 quidem
1861 1851 1941 1924 odio

339 2008 515 2101 habuisse,
552 2007 767 2082 Valdensabus
794 2025 876 2086 vero
909 2007 956 2080 ita
986 2007 1128 2097 favisse,
1160 2016 1201 2078 ut
1230 2030 1288 2079 eos
1321 2005 1495 2108 Pauperes
1529 2004 1715 2082 Catholicos
1745 2007 1854 2081 facere
1881 2029 1944 2078 co-

342 2175 479 2237 naretur
504 2163 574 2264 (2).

943 2348 948 2355 ¹
1066 2443 1218 2575 cu.

451 2762 752 2848 nocentiorem
778 2761 905 2853 etiam
937 2756 1208 2841 Valdensium
1235 2758 1462 2842 sententiae
1490 2769 1642 2842 sectum
1669 2787 1832 2870 semper

718 2925 769 3010 ab
797 2926 1096 3041 Albigensibps
1123 2929 1389 3048 discrepasse
1417 2928 1574 3012 docent.

395 3244 431 3318 Si
467 3243 644 3344 disputatis
677 3242 752 3321 vim
785 3254 820 3316 et
849 3244 956 3316 robur
979 3242 1122 3340 adjicere
1145 3242 1326 3334 volumus,
1361 3243 1527 3314 memoria
1548 3240 1741 3318 renovanda
1765 3253 1816 3312 est
1844 3242 1947 3314 seculi

347 3401 439 3473 XVI
471 3412 506 3470 et
541 3399 760 3499 sequentium.
809 3397 1042 3471 Recediorum
1069 3397 1154 3469 eum
1184 3394 1396 3470 Valdensium
1423 3395 1593 3469 suentem
1614 3403 1733 3469 sectam
1756 3420 1882 3499 semper
1904 3397 1946 3470 ub

348 3553 578 3654 Abagenstbus
604 3553 803 3653 duereposse
829 3552 953 3629 nocent.
1002 3553 1134 3654 Utique
1162 3551 1205 3626 de
1237 3552 1390 3652 placitis,
1420 3578 1509 3654 quae
1533 3555 1644 3625 'sectae
1672 3552 1784 3643 illius,
1820 3552 1899 3625 inde
1928 3579 1948 3623 a

349 3734 522 3782 sacrorum
557 3707 818 3800 instauratione,
851 3709 992 3809 propria
1021 3707 1177 3801 fuerunt,
1210 3708 1304 3781 nulla
1330 3708 1417 3780 inter
1442 3707 1547 3779 Viros
1571 3705 1691 3779 doctos
1715 3707 1947 3783 controversia

348 3877 409 3940 est.
458 3863 575 3962 Neque
599 3863 706 3964 igitur
733 3862 810 3962 quis
838 3889 858 3934 a
891 3847 992 3935 nobis
1021 3861 1227 3961 postulabit,
1260 3874 1299 3933 ut
1327 3861 1465 3962 copiose
1491 3860 1727 3953 ostendamus,
1759 3885 1835 3932 eam
1864 3861 1947 3932 reli-

351 4016 463 4116 gionis
481 4014 652 4089 doctrinas
670 4016 857 4117 professam
872 4041 942 4089 esse
961 4027 996 4089 et
1014 4042 1122 4116 usque
1136 4017 1307 4114 profiteri,
1328 4042 1432 4116 quae,
1450 4018 1566 4117 paucis
1580 4016 1745 4114 exceptis,
1769 4039 1851 4109 cum⁴
1864 4015 1944 4089 Lu-

352 4169 578 4261 therunmum,
601 4183 636 4243 et
656 4171 930 4270 Reformatorem
952 4172 1117 4247 doctrinis
1138 4174 1273 4274 egregie
1291 4172 1502 4249 conveniant.
1554 4168 1658 4262 Quod
1676 4168 1850 4268 quomodo
1873 4171 1950 4242 fieri
2049 4277 2052 4285 Ι

379 4562 419 4628 (1)
439 4561 469 4611 L.
489 4576 512 4610 e.
531 4560 592 4624 Cap.
613 4560 662 4620 ll,
683 4560 724 4610 12.
745 4561 816 4616 nete.
838 4565 914 4617 Patr.
934 4567 1004 4622 Tum.
1024 4567 1098 4621 XXV.
1117 4583 1144 4636 p.
1163 4567 1224 4621 28⁰.

299 4716 304 4723 υ
380 4651 421 4718 (2)
438 4652 477 4702 cs.
497 4665 621 4702 suarna.
642 4651 660 4703 l.
681 4667 704 4704 c.
723 4670 749 4718 p.
767 4654 818 4704 ets
837 4671 893 4720 sqq.
